1786 3112
86 414 128 446 10

83 710 124 741 15

83 877 134 918 18

78 1421 121 1453 10

157 119 214 161 90
591 118 821 156 CORNELII
845 119 1006 157 TACITI
1029 120 1290 157 ANNALIUM

155 230 253 270 ante
285 228 463 270 exitium
494 228 642 270 diebus
674 229 848 271 illusum
879 229 965 272 isse
989 229 1196 284 pueritiae
1221 228 1460 272 Britannici
1485 229 1716 287 Neronem,

154 289 202 329 ut
232 287 319 330 iam
350 302 438 330 non
469 290 743 343 praematura
774 302 911 343 neque
944 303 1072 331 saeva
1097 303 1212 331 mors
1237 288 1374 330 videri
1399 291 1538 344 queat,
1568 305 1716 346 quam-

153 347 218 388 vis
261 347 373 389 inter
417 361 538 389 sacra
581 361 774 402 mensae,
816 361 869 389 ne
912 349 1104 403 tempore
1146 347 1316 403 quidem
1357 347 1411 390 ad
1448 349 1715 404 complexum

155 420 348 448 sororum
381 406 492 461 dato,
525 408 624 448 ante
656 407 801 448 oculos
826 406 991 448 inimici
1015 409 1245 463 properata
1271 407 1328 449 sit
1351 407 1398 448 in
1422 407 1544 450 illum
1570 423 1715 463 supre-

153 480 270 507 mum
297 463 572 507 Claudiorum
606 466 871 521 sanguinem,
905 468 1053 520 stupro
1084 467 1202 521 prius
1230 481 1358 521 quam
1384 480 1549 509 veneno
1574 468 1714 523 pollu-

151 527 256 566 tum.
323 524 644 566 festinationem
684 524 980 579 exsequiarum
1023 525 1162 568 edicto
1201 524 1359 568 Caesar
1402 525 1608 581 defendit,
1653 527 1716 569 ita

151 584 388 626 maioribus
419 583 666 625 institutum
698 582 901 638 referens,
934 583 1184 626 subtrahere
1216 585 1350 627 oculis
1383 585 1537 627 acerba
1565 585 1715 628 funera

150 657 288 697 neque
314 642 632 684 laudationibus
659 644 734 683 aut
757 657 916 697 pompa
939 642 1140 686 detinere.
1183 646 1371 686 ceterum
1391 646 1434 686 et
1453 645 1535 686 sibi
1555 645 1715 688 amisso

150 701 296 743 fratris
329 701 490 743 auxilio
522 700 707 756 reliquas
741 715 837 755 spes
869 701 915 743 in
940 715 984 743 re
1009 702 1182 756 publica
1207 702 1324 758 sitas,
1355 706 1398 745 et
1423 705 1547 746 tanto
1573 704 1714 759 magis

149 760 380 803 fovendum
411 759 608 815 patribus
646 760 889 815 populoque
926 760 1181 816 principem,
1218 762 1290 816 qui
1326 777 1434 804 unus
1474 765 1716 818 superesset

151 833 172 861 e
204 819 367 861 familia
399 834 612 862 summum
645 818 699 861 ad
730 819 953 875 fastigium
985 820 1143 876 genita.

268 877 384 921 Exin
420 879 649 934 largitione
686 878 935 933 potissimos
974 879 1207 922 amicorum
1241 879 1371 922 auxit.
1431 894 1510 922 nec
1541 881 1712 923 defuere

151 938 224 993 qui
256 941 486 993 arguerent
510 938 624 980 viros
651 938 908 994 gravitatem
935 938 1245 993 adseverantes,
1278 938 1389 994 quod
1415 938 1563 982 domos
1588 940 1713 983 villas

149 997 191 1038 id
221 997 429 1052 temporis
462 997 584 1053 quasi
615 997 820 1051 praedam
853 997 1110 1040 divisissent.
1166 998 1239 1039 alii
1269 997 1568 1041 necessitatem
1594 999 1713 1041 adhi-

148 1056 285 1098 bitam
330 1056 561 1099 credebant
605 1071 630 1098 a
666 1056 878 1112 principe,
923 1057 1095 1099 sceleris
1134 1057 1217 1099 sibi
1254 1056 1424 1099 conscio
1463 1059 1506 1099 et
1543 1058 1713 1101 veniam

150 1118 366 1171 sperante,
405 1116 441 1158 si
478 1115 780 1171 largitionibus
818 1116 1131 1158 validissimum
1163 1130 1372 1171 quemque
1403 1115 1714 1159 obstrinxisset.

149 1178 193 1216 at
223 1175 374 1217 matris
406 1175 471 1217 ira
501 1175 620 1217 nulla
651 1175 946 1217 munificentia
977 1175 1114 1231 leniri,
1146 1175 1219 1217 sed
1251 1175 1450 1230 amplecti
1478 1174 1713 1232 Octaviam,

149 1234 297 1276 crebra
329 1249 424 1276 cum
457 1234 605 1276 amicis
638 1237 803 1277 secreta
833 1234 1009 1289 habere,
1048 1249 1174 1289 super
1210 1234 1448 1290 ingenitam
1486 1235 1712 1278 avaritiam

147 1293 334 1348 undique
371 1294 574 1348 pecunias
614 1294 738 1349 quasi
773 1294 819 1335 in
858 1294 1095 1336 subsidium
1136 1293 1388 1349 corripiens,
1429 1294 1628 1337 tribunos
1671 1296 1715 1337 et

149 1352 417 1394 centuriones
451 1353 629 1395 comiter
661 1353 867 1408 excipere,
897 1353 1073 1395 nomina
1105 1355 1147 1395 et
1178 1353 1358 1395 virtutes
1388 1353 1608 1409 nobilium,
1640 1354 1714 1409 qui

149 1411 278 1453 etiam
309 1414 403 1454 tum
435 1414 703 1467 supererant,
740 1412 787 1454 in
823 1412 986 1454 honore
1017 1412 1194 1467 habere,
1232 1412 1354 1467 quasi
1385 1415 1610 1467 quaereret
1639 1413 1714 1455 du·

147 1484 238 1512 cem
283 1473 326 1513 et
367 1474 526 1526 partes.
594 1471 814 1527 cognitum
857 1471 901 1513 id
940 1471 1120 1527 Neroni,
1165 1471 1447 1526 excubiasque
1490 1472 1712 1527 militares,

195 1602 225 1633 7.
258 1599 408 1634 illusum
433 1600 522 1642 isse‚·
547 1599 623 1645 vgl.
644 1598 740 1634 Einl.
761 1602 790 1642 ξ.
814 1602 892 1635 114.

193 1661 225 1693 8.
257 1668 377 1701 saeva,
402 1658 567 1693 n‘amlich
592 1669 666 1694 von
691 1657 809 1694 seiten
829 1658 893 1694 des

147 1703 368 1740 Schicksals.

193 1767 225 1799 9.
257 1774 365 1799 sacra
393 1763 479 1808 „die
503 1763 735 1809 Heiligkeit“
760 1764 831 1800 wie
860 1768 891 1807 1,

145 1815 189 1846 42
221 1821 330 1846 sacra
360 1811 562 1856 leyationis.
613 1811 687 1847 Der
718 1811 892 1856 Tischge-

145 1869 251 1894 nosse
300 1869 378 1894 war
433 1857 569 1894 ebenso
621 1859 891 1895 unverletzlich

143 1905 213 1941 wie
248 1905 313 1941 der
346 1905 582 1942 Gastfreund.
634 1906 718 1952 Vgl.
755 1910 817 1950 15,
847 1909 891 1941 52

143 1954 177 1988 si
218 1963 325 1989 sacra
367 1964 511 1989 mensae
554 1954 662 1999 dique
699 1954 893 2018 hospitales

144 2001 250 2036 caede
277 2021 319 2026 —
347 2003 636 2037 cruentarentur

194 2051 249 2083 10.
286 2058 460 2084 sororum.
519 2047 553 2083 S.
587 2060 631 2083 zu
665 2052 725 2093 12,
758 2051 813 2084 68.
847 2069 892 2074 —

139 2106 339 2140 properare
381 2094 571 2139 transitiv,
616 2095 685 2131 wie
733 2100 793 2141 11,
835 2099 890 2132 37.

147 2147 209 2184 15,
237 2146 280 2177 12
313 2142 389 2177 1111(1
416 2142 482 2178 oft.
532 2142 680 2178 Ebenso
705 2143 890 2187 festinare.

143 2188 277 2224 Beides
332 2189 428 2225 auch
477 2189 539 2225 bei
587 2189 766 2226 Dichtern
817 2191 893 2226 und

145 2236 293 2272 Sallust.

193 2287 247 2320 13.
279 2283 490 2319 subtrahere
521 2284 637 2319 oculis
666 2284 763 2319 nach
787 2283 888 2329 Virg.

141 2330 233 2366 Aen.
261 2335 301 2375 6,
327 2334 396 2366 465
429 2334 530 2375 teque
561 2334 708 2376 aspectu
737 2342 782 2366 ne
806 2332 890 2368 sub-

141 2379 243 2414 trahe
266 2381 401 2414 nostro.
452 2377 578 2413 Durch
610 2379 760 2414 acerbus
785 2379 890 2423 (‚‚un—

142 2425 248 2470 reif“)
285 2425 379 2461 wird
417 2425 483 2461 der
514 2425 595 2461 Tod
632 2425 687 2460 als
723 2438 767 2461 zu
802 2425 888 2461 frfih

142 2472 375 2518 eingetreten
394 2474 501 2518 (statt
525 2473 756 2517 immaturus,
783 2484 889 2518 prae-

140 2522 320 2566 maturus)
365 2519 603 2565 bezeichnet,
654 2519 723 2555 wie
766 2520 890 2565 Virgil

139 2567 229 2604 Aen.
257 2571 295 2612 6,
327 2571 396 2603 429
428 2578 502 2603 von
533 2567 605 2603 den
634 2567 889 2612 unmiindigen

139 2614 305 2650 Kindern
334 2615 435 2660 sagt:
461 2625 549 2660 quos
569 2635 613 2640 —
634 2615 786 2650 abstulit
804 2618 889 2651 atra

139 2662 216 2697 dies
234 2666 267 2698 et
288 2662 416 2705 funere
433 2662 557 2697 mersit
575 2662 712 2698 acerbo.
754 2666 809 2708 11,
830 2665 885 2698 28.

141 2709 223 2745 Seu.
255 2709 300 2744 de
325 2708 382 2744 ira
407 2713 447 2753 3,
475 2712 539 2755 25,
567 2713 597 2744 1.
632 2720 689 2754 ep.
717 2713 802 2754 122,
831 2713 885 2745 10.

140 2766 237 2792 cons.
265 2756 312 2791 ad
336 2756 450 2792 Marc.
477 2760 516 2801 9,
544 2760 575 2792 1.
610 2760 671 2802 17,
697 2759 729 2792 5.
779 2756 886 2792 Auch

141 2802 268 2838 Cicero
287 2804 402 2838 nennt
420 2803 688 2849 Verhaltnisse,
709 2803 767 2839 die
788 2804 886 2839 noch

139 2849 245 2885 nicht
271 2862 334 2884 zur
358 2850 465 2886 Reife
491 2850 674 2897 gediehen
701 2850 794 2896 sind,
819 2851 884 2886 im-

132 2897 273 2942 politae
297 2907 354 2932 res
378 2901 411 2933 et
429 2899 577 2934 acerbae
596 2898 641 2934 de
661 2909 763 2943 prov.
784 2909 883 2935 cons.

969 1602 1024 1644 14,
1050 1603 1096 1634 34
1123 1600 1192 1643 (wo
1225 1610 1312 1634 man
1337 1609 1488 1644 asperae
1514 1599 1603 1634 oder
1627 1609 1709 1635 cru·

966 1647 1034 1682 dae
1060 1646 1254 1681 schreiben
1278 1645 1382 1691 will).

1015 1698 1068 1730 17.
1102 1694 1249 1737 familia
1275 1692 1352 1728 scil.
1380 1692 1629 1728 Claudiorum.

965 1764 1261 1894 „ffissgmfftrennge
1298 1811 1358 1846 fiir
1376 1858 1384 1865 ⁶
1396 1811 1492 1892 sic&V
1508 1810 1710 1894 1110311011Υὲ-

965 1870 984 1893 0
1014 1869 1059 1894 011
1088 1861 1120 1903 ⁴,
1154 1870 1176 1894 a
1205 1869 1243 1894 er
1274 1870 1343 1893 nur
1373 1871 1413 1893 m
1494 1869 1610 1894 oren.
1688 1869 1709 1894 ο

964 1905 1015 1941 ist
1040 1906 1296 1950 adseveratto,
1299 1906 1377 1951 ,der
1397 1904 1532 1941 Schein
1555 1905 1621 1941 der
1639 1905 1710 1942 Ge-

964 1953 1214 1999 rechtigkeit“
1248 1957 1287 1998 2,
1320 1957 1376 1988 31.
1416 1958 1454 1997 6,
1481 1957 1515 1989 2.
1570 1951 1709 1989 Seneca

964 2000 1041 2035 und
1065 2000 1202 2036 Burrus
1228 2000 1311 2036 sind
1335 1981 1511 2045 gemeint.

1013 2052 1045 2084 3.
1078 2039 1179 2083 Uber
1202 2048 1244 2084 id
1268 2048 1435 2093 temporis
1460 2058 1487 2082 e.
1514 2059 1559 2083 zu
1585 2051 1649 2092 12,
1674 2051 1707 2083 8.

1012 2099 1044 2131 5
1076 2096 1261 2139 validus,
1266 2094 1541 2141 ,einflussreich,
1572 2075 1708 2131 bed'eu—

963 2142 1077 2178 tend“
1080 2170 1088 2186 ,
1121 2142 1191 2178 wie
1224 2147 1243 2178 6
1256 2171 1264 2187 ,
1290 2146 1335 2178 31
1368 2142 1535 2178 mittendi
1558 2144 1708 2178 secretos

961 2190 1112 2225 nuntios
1134 2190 1382 2226 validissimus
1406 2192 1543 2226 auctor.
1584 2193 1638 2234 12,
1658 2193 1704 2224 42

969 2237 1135 2273 Vitellius
1159 2237 1389 2273 validissima
1407 2237 1542 2284 ⁸qratia.
1582 2240 1635 2282 13,
1655 2239 1701 2272 22

959 2285 1137 2321 validiore
1161 2305 1206 2310 --
1234 2285 1384 2321 Paride.

1007 2336 1040 2368 6.
1072 2332 1239 2377 amplecti
1271 2343 1343 2376 „an
1373 2332 1452 2368 sich
1476 2331 1605 2367 ziehen
1627 2331 1704 2366 und.

959 2380 1160 2415 schfitzen“
1187 2378 1242 2415 als
1266 2378 1628 2424 Leidensgefahrtin.

1011 2430 1043 2462 8.
1087 2427 1194 2472 quasi
1235 2426 1452 2462 bezeichnet
1492 2425 1595 2461 nicht
1631 2425 1703 2461 den

963 2473 1113 2519 Schein,
1152 2473 1311 2509 sondern
1348 2474 1420 2509 den
1451 2472 1592 2517 Grund,
1630 2472 1703 2508 den

962 2521 1015 2557 sie
1040 2520 1212 2556 wirklich
1243 2521 1359 2557 hatte.
1411 2520 1445 2557 S.
1471 2519 1622 2562 Ein1.§.
1644 2523 1700 2557 95.

963 2589 1006 2594 -—
1037 2569 1249 2605 subsidium.
1304 2567 1537 2614 Vg1.12‚7
1569 2567 1702 2612 anaide

962 2616 1049 2651 awri
1097 2616 1262 2652 inmensa
1310 2580 1490 2651 obgtentum
1535 2613 1700 2657 habebat,

959 2663 1066 2709 quasi
1089 2663 1291 2699 subsidium
1315 2672 1424 2708 reyno
1443 2664 1652 2706 pararetur.

1009 2713 1063 2746 10.
1096 2711 1205 2746 etiam
1230 2713 1315 2746 tum.
1360 2708 1512 2744 Tacitus
1537 2708 1700 2745 schreibt

959 2757 1037 2793 dies
1072 2757 1112 2793 in
1149 2757 1214 2793 der
1251 2756 1329 2792 Zeit
1366 2756 1462 2791 nach
1497 2755 1698 2801 Domitian,

958 2804 1119 2840 welcher
1144 2804 1203 2839 (110
1228 2804 1329 2840 alten
1349 2801 1614 2839 Geschlechter
1634 2802 1699 2839 der

957 2852 1143 2887 Nobilitat
1163 2850 1353 2886 furchtbar
1371 2849 1564 2885 decimiert
1581 2850 1698 2886 hatte.

1006 2902 1059 2934 11.
1092 2898 1262 2934 excubiae
1292 2896 1373 2933 sind
1404 2896 1575 2943 st'andige
1609 2896 1699 2933 Wa-

1197 1765 1411 1810 9ravitatem
1462 1764 1711 1800 adseverantes
