1768 3120
566 91 713 129 LIBER
736 93 764 129 1.
815 93 918 130 cAP.
938 97 1092 130 42-44.
1557 94 1614 138 69

45 202 256 258 sanguine
293 204 435 244 castra
470 201 668 257 flumina,
705 215 857 258 meque
893 202 1136 258 precariam
1174 203 1366 245 animam
1406 202 1521 245 inter
1551 203 1614 245 in-

42 260 191 304 fensos
221 260 406 303 trahere.

165 318 252 362 Cur
283 319 397 362 enim
428 319 569 374 primo
602 320 817 362 contionis
849 320 918 362 die
949 320 1111 363 ferrum
1142 321 1263 377 illud,
1299 320 1414 376 quod
1445 321 1613 375 pectori
1626 322 1683 365 43

45 393 141 422 meo
171 379 350 434 infigere
381 379 609 434 parabam,
641 379 911 435 detraxistis,
944 394 969 422 o
1000 380 1218 435 inprovidi
1250 380 1408 423 amici?
1457 380 1611 423 melius

45 441 89 481 et
119 438 364 481 amantibus
395 437 471 480 ille
503 438 576 493 qui
603 438 797 494 gladium
823 439 1041 482 offerebat.
1092 439 1341 482 cecidissem
1368 442 1484 482 certe
1508 454 1612 483 non-

44 497 145 540 dum
176 499 245 540 tot
273 497 540 553 flagitiorum
572 498 779 540 exercitui
811 513 908 542 meo
940 499 1158 554 conscius3
1196 498 1415 556 legissetis
1448 499 1612 555 ducem,

43 557 116 613 qui
153 570 292 598 meam
331 556 501 611 quidem
539 560 725 599 mortem
763 558 1007 613 inpunitam
1039 558 1220 614 sineret,
1251 558 1359 601 Vari
1389 560 1536 601 tamen
1568 561 1612 601 et
1637 570 1658 601 5

41 616 175 658 trium
213 616 435 671 legionum
474 616 763 659 ulcisceretur.
823 631 962 673 neque
1003 618 1117 660 enim
1160 617 1203 660 di
1241 618 1388 660 sinant
1424 621 1474 660 ut
1514 617 1612 660 Bel-

45 688 197 732 garum
241 690 503 731 quamquam
549 675 820 719 offerentium
865 677 994 719 decus
1036 677 1155 719 istud
1201 679 1244 720 et
1288 677 1500 720 claritudo
1542 677 1613 733 sit,

45 734 294 777 subvenisse
326 734 524 778 Romano
562 735 745 791 nomini,
784 736 1093 792 compressisse
1125 735 1385 779 Germaniae
1415 737 1612 792 populos.

43 795 131 849 tua,
156 793 252 835 dive
272 793 482 850 Auguste,
508 795 626 837 caelo
652 798 828 851 recepta
852 810 987 847 mens,
1011 799 1100 851 tua,
1126 799 1249 851 pater
1274 795 1429 852 Druse,
1454 797 1613 853 imago,

43 852 108 895 tui
149 853 358 895 memoria
397 853 533 895 isdem
575 854 672 896 istis
714 869 811 897 cum
850 855 1080 908 militibus,
1123 870 1230 911 quos
1268 856 1355 898 iam
1393 855 1533 912 pudor
1570 858 1614 898 et
1640 867 1684 899 10

41 912 182 968 gloria
213 912 367 967 intrat,
404 913 553 955 eluant
582 913 695 956 hanc
726 914 940 957 maculam
972 915 1144 970 irasque
1177 916 1324 958 civiles
1355 915 1402 957 in
1433 915 1612 958 exitium

42 971 242 1014 hostibus
262 974 444 1014 vertant.
475 986 553 1014 vos
574 987 757 1029 quoque,
777 988 959 1029 quorum
980 974 1066 1016 alia
1084 988 1199 1016 nunc
1219 989 1309 1029 ora,
1330 975 1415 1017 alia
1434 977 1614 1030 pectora

44 1033 268 1085 contueor,
310 1032 345 1073 si
382 1032 552 1087 legatos
595 1033 782 1087 senatui,
823 1033 1077 1088 obsequium
1114 1033 1387 1089 imperatori,
1428 1035 1466 1076 si
1503 1033 1612 1076 mihi

45 1090 272 1145 coniugem
312 1093 355 1132 et
390 1090 529 1132 filium
567 1091 764 1147 redditis,
803 1091 1008 1134 discedite
1047 1107 1072 1134 a
1110 1095 1314 1135 contactu
1351 1108 1401 1135 ac
1432 1093 1612 1135 dividite

39 1149 255 1191 turbidos:
287 1150 329 1192 id
363 1150 518 1192 stabile
550 1150 604 1192 ad
635 1151 968 1206 paenitentiam,
1000 1152 1043 1193 id
1075 1152 1175 1194 fidei
1207 1153 1424 1195 vinculum
1457 1151 1566 1196 erit?
1639 1163 1684 1196 15

160 1207 382 1264 Supplices
427 1209 481 1251 ad
523 1209 631 1251 haee
674 1213 718 1252 et
760 1225 862 1252 vera
903 1211 1154 1266 exprobrari
1194 1212 1382 1254 fatentes
1425 1212 1684 1255 orabant44

41 1268 218 1323 puniret
248 1268 416 1324 noxios,
447 1268 691 1324 ignosceret
716 1269 853 1324 lapsis
880 1272 924 1312 et
948 1270 1123 1312 duceret
1147 1270 1192 1312 in
1217 1270 1407 1326 hostem3
1439 1285 1612 1314 revoca-

39 1329 158 1369 retur
203 1327 410 1382 coniunx,
450 1328 609 1370 rediret
648 1329 869 1385 legionum
911 1329 1111 1372 alumnus
1152 1344 1259 1372 neve
1301 1330 1428 1373 obses
1469 1329 1612 1373 Gallis

39 1386 294 1428 traderetur.
344 1386 529 1429 reditum
555 1386 826 1443 Agrippinae
857 1389 1078 1431 excusavit
1110 1389 1166 1432 ob
1198 1389 1482 1432 inminentem
1513 1404 1613 1445 par-

39 1447 133 1487 tum
171 1448 215 1487 et
251 1445 456 1500 hiemem,
497 1449 725 1490 venturum
763 1447 919 1490 filium:
961 1450 1104 1491 cetera
1141 1449 1225 1504 ipsi
1264 1452 1611 1504 exsequerentur.
1639 1461 1660 1493 5

41 1503 290 1547 discurrunt
314 1505 471 1547 mutati
504 1508 548 1547 et
579 1506 957 1549 seditiosissimum
991 1522 1201 1563 quemque
1230 1508 1400 1551 vinctos
1432 1509 1614 1551 trahunt

43 1563 96 1605 ad
134 1564 330 1620 legatum
369 1564 556 1620 legionis
594 1565 762 1620 primae
795 1564 841 1608 C.
868 1565 1167 1622 Caetronium,
1210 1567 1283 1622 qui
1323 1568 1529 1610 iudicium
1571 1570 1615 1610 et

42 1637 205 1678 poenas
238 1623 289 1665 de
322 1623 508 1680 singulis
540 1624 584 1666 in
611 1624 725 1668 hunc
750 1625 926 1668 modum
953 1627 1155 1669 exercuit.
1205 1628 1382 1670 stabant
1405 1642 1485 1683 pro
1512 1642 1614 1670 con-

42 1681 163 1726 tione
187 1682 381 1738 legiones
407 1683 625 1726 destrictis
652 1684 824 1740 gladiis3
853 1700 952 1728 reus
977 1685 1022 1727 in
1050 1688 1260 1742 suggestu
1285 1701 1363 1742 per
1386 1687 1612 1729 tribunum

41 1741 370 1785 ostendebatur:
404 1742 441 1784 si
472 1745 697 1785 nocentem
733 1744 1094 1801 adclamaverant,
1125 1760 1332 1802 praeceps
1366 1746 1491 1789 datus
1522 1749 1612 1789 tru-
1640 1759 1684 1791 10

41 1799 278 1844 cidabatur.
329 1804 372 1843 et
398 1802 616 1857 gaudebat
641 1803 843 1846 caedibus
875 1804 1014 1859 miles,
1044 1808 1267 1859 tamquam
1303 1808 1440 1848 semet
1471 1806 1612 1849 absol·

38 1863 180 1915 veret3
218 1874 299 1902 nec
337 1859 496 1903 Caesar
534 1862 727 1917 arcebat,
766 1864 936 1919 quando
977 1864 1098 1906 nullo
1139 1864 1276 1919 ipsius
1319 1865 1440 1908 iussu
1480 1879 1612 1920 penes

41 1919 214 1962 eosdem
241 1919 422 1961 saevitia
447 1920 552 1962 facti
577 1923 621 1962 et
645 1921 808 1963 invidia
834 1925 938 1965 erat.
989 1923 1125 1965 secuti
1151 1924 1393 1978 exemplum
1419 1924 1612 1966 veterani

85 2074 141 2106 24.
162 2070 304 2105 trahere
324 2069 422 2106 nach
434 2070 515 2106 Liv.
528 2074 561 2115 3,
574 2073 787 2118 6,8exi9ua
861 2085 921 2109 am
949 2073 1099 2109 Schluss
1131 2075 1197 2110 des
1228 2074 1423 2121 Agricola:
1456 2078 1498 2111 tu
1528 2086 1611 2112 vero

38 2119 80 2154 in
104 2128 166 2162 spe
190 2117 356 2153 trahebat
381 2118 554 2153 animam.
858 2121 952 2165 felix
976 2125 1036 2157 etc.

89 2164 153 2200 43.
180 2168 213 2200 3.
239 2165 310 2200 ille.
355 2164 431 2200 Das
458 2165 622 2201 Verbum
649 2166 787 2212 agendi
909 2183 964 2214 11,
996 2181 1118 2227 ‘floria
1163 2181 1504 2228 ,Ruhmbegierde“
1537 2181 1609 2218 wie

39 2211 153 2256 fehlt,
183 2212 255 2248 wie
280 2216 320 2255 4,
340 2216 386 2248 38
411 2213 540 2248 melius
563 2213 784 2259 Augustum.
859 2227 955 2262 auch
980 2227 1042 2263 bei
1067 2209 1297 2265 Klag’sikem·

36 2258 126 2305 Agr.
147 2263 190 2295 19
216 2260 312 2295 nihil
336 2271 406 2305 per
431 2260 577 2296 libertos
599 2271 787 2307 servosque

35 2307 203 2352 publicae
227 2308 291 2343 rei.
319 2307 406 2343 hist.
430 2311 461 2353 1,
482 2311 527 2343 84
552 2318 614 2344 vos
641 2310 786 2354 quidem

38 2355 137 2390 istud
149 2365 222 2400 pro
240 2365 296 2390 me
314 2353 410 2399 (scil.
425 2355 579 2401 egistis).
623 2356 691 2391 Bei
712 2356 786 2392 den

36 2401 226 2437 Fn‘iheren
244 2401 370 2437 fehlen
389 2402 559 2448 haufiger
579 2403 640 2438 die
660 2403 785 2439 Verba

910 2289 964 2321 14.
999 2290 1200 2333 contactus,
1224 2287 1345 2324 woffir
1370 2288 1500 2324 Cicero
1525 2299 1608 2325 con-

858 2334 959 2379 taqio
997 2336 1099 2381 sagt,
1137 2336 1255 2371 findet
1292 2336 1373 2371 sich
1411 2336 1450 2371 in
1486 2336 1609 2372 dieser

858 2379 1083 2428 Bedeutung
1108 2384 1223 2419 sehon
1247 2383 1310 2419 bei
1335 2383 1488 2419 Sallust.

35 2448 184 2485 dicendi
210 2450 248 2485 et
271 2449 456 2485 movendi·
904 2439 970 2477 44·
996 2445 1029 2477 2.
1054 2445 1088 2478 et
1111 2443 1266 2478 duceret.
1302 2442 1338 2478 S.
1357 2442 1454 2478 Einl.
1474 2446 1506 2486 §-
1527 2447 1585 2480 61·

85 2499 117 2533 6.
143 2497 260 2532 sinere
283 2496 355 2531 mit
372 2495 586 2543 folgendem
607 2502 650 2534 ut
669 2499 784 2534 sehon
906 2503 938 2534 6.
970 2501 1119 2537 vinctos.
1165 2500 1241 2537 Der
1265 2501 1393 2537 Plural
1418 2501 1489 2536 wie
1519 2502 1606 2537 hist.

35 2543 97 2579 bei
128 2543 284 2586 TerenZ,
322 2544 420 2580 dann
457 2546 535 2580 erst
564 2544 703 2581 wieder
732 2546 783 2581 im
857 2549 893 2590 4,
907 2551 952 2582 25
965 2549 1123 2592 optimus
1142 2550 1293 2594 quisque
1310 2550 1422 2584 iussis
1434 2560 1604 2594 paruere.

41 2589 226 2627 silbernen
250 2590 394 2627 Latein.
858 2597 903 2628 27
916 2595 1234 2640 splendidissimus
1253 2597 1403 2641 quisque
1415 2597 1458 2631 in
1471 2596 1606 2641 Vespa-

5 2668 15 2671 „
88 2641 120 2674 7.
147 2639 342 2683 claritudo,
366 2638 428 2674 bei
449 2639 536 2675 Tac.
561 2640 698 2686 hafflig,
724 2641 785 2676 bei
857 2642 1006 2677 sianum
1025 2644 1150 2687 proni.
1195 2643 1230 2677 S.
1251 2642 1347 2680 Einl.
1369 2646 1399 2686 ξ.
1423 2647 1477 2679 17.

0 2716 2 2724 ,
40 2684 166 2721 Cicero
179 2686 344 2730 fehlend,
362 2686 507 2722 scheint
519 2688 784 2731 archaistisch;
905 2691 938 2724 8.
971 2691 1147 2733 exercuit,
1172 2691 1243 2725 wie
1268 2689 1373 2735 Virg.
1400 2692 1442 2726 A.
1471 2695 1509 2735 6,
1536 2693 1605 2726 543

39 2731 134 2768 doch
172 2733 274 2769 steht
310 2743 349 2768 es
393 2734 488 2769 auch
532 2734 594 2770 bei
632 2734 785 2782 Sallust,
857 2737 1038 2771 malorum
1081 2741 1217 2773 exercet
1253 2748 1404 2782 poenas.
1449 2758 1494 2764 —
1532 2749 1605 2782 pro

4 2812 6 2814 ,
39 2777 205 2826 Vellejus
230 2780 306 2815 und
333 2780 486 2817 Gellius.
858 2785 1024 2819 contione
1048 2783 1165 2819 heifst
1190 2786 1295 2820 sonst
1318 2796 1410 2829 „vor
1429 2785 1496 2821 der
1513 2784 1604 2821 Ver-

0 2848 2 2850 -
86 2830 118 2864 9.
167 2826 237 2863 1)ίο
280 2827 516 2863 reduerische
559 2828 675 2875 Figur
718 2829 785 2865 der
858 2829 1110 2876 sammlung“,
1150 2831 1232 2867 hier
1270 2833 1354 2877 „als
1390 2831 1604 2869 Versamm-

2 2908 5 2910 ,
39 2873 277 2920 Apostrophe
287 2875 655 2920 gebrauchtTacitus
667 2877 785 2913 selbst
856 2878 984 2923 lung“,
1010 2878 1155 2914 scheint
1179 2875 1244 2915 ἅπ.
1266 2879 1332 2924 sip.
