1820 3100
127 736 185 780 54

126 1445 184 1489 55

195 92 283 135 236

629 92 858 130 CORNELII
882 93 1043 134 TACITI
1066 93 1327 130 ANNALIUM

197 201 319 244 daret
347 202 569 258 maritum3
601 202 789 245 habilem
820 202 959 245 adhuc
983 202 1204 245 iuventam
1230 201 1326 256 sibi,
1356 216 1493 258 neque
1519 201 1635 245 aliud
1660 217 1757 258 pro-

148 275 170 309 5
195 261 262 303 bis
289 276 418 317 quam
443 276 494 303 ex
519 262 794 304 matrimonio
821 262 1036 304 solacium.
1081 276 1173 304 esse
1198 261 1244 302 in
1269 261 1455 316 civitate,
1474 262 1545 315 qui
1562 275 1756 305 memores

197 319 445 363 Germanici
471 321 696 376 coniugem
728 335 776 363 ac
806 321 968 363 liberos
1002 320 1092 363 eius
1122 321 1310 376 recipere
1336 320 1628 376 dignarentur.
1683 320 1758 364 sed

198 377 357 422 Caesar
387 394 474 422 non
504 380 695 436 ignarus,
722 382 929 436 quantum
961 393 1012 421 ex
1038 393 1082 422 se
1107 382 1338 436 peteretur,
1369 394 1423 421 ne
1453 383 1602 434 tamen
1627 379 1758 423 offen-

197 438 329 480 sionis
370 442 446 481 aut
486 441 626 481 metus
668 438 923 481 manifestus
954 438 1085 494 foret,
1129 439 1219 481 sine
1255 453 1463 494 responso
1496 452 1758 494 quamquam

197 498 432 540 instantem
463 498 651 553 reliquit.

720 498 763 540 id
795 511 888 554 ego,
920 512 945 540 a
966 498 1265 553 ·scriptoribus
1297 497 1518 540 annalium
1556 511 1643 540 non
1673 499 1760 541 tra-

126 571 171 604 10
197 557 347 611 ditum,
378 557 549 612 repperi
573 557 619 599 in
644 556 963 599 commentariis
988 556 1254 612 Agrippinae
1279 557 1406 613 filiae,
1432 571 1541 613 quae
1571 555 1759 600 Neronis

196 616 406 672 principis
447 618 587 658 mater
629 616 766 659 vitam
806 630 930 658 suam
974 617 1017 658 et
1058 630 1181 658 casus
1226 630 1401 659 suorum
1443 616 1631 672 posteris
1671 630 1760 659 me-

196 675 395 717 moravit.

318 732 520 775 Ceterum
546 731 726 775 Seianus
758 734 1021 775 maerentem
1047 735 1090 775 et
1114 733 1384 788 inprovidam
1412 734 1540 777 altius
1565 735 1761 790 perculit,

199 792 406 834 immissis
439 793 512 847 qui
544 807 620 847 per
645 793 830 847 speciem
857 792 1071 835 amicitiae
1097 796 1322 835 monerent
1346 796 1545 847 paratum
1572 794 1610 836 ei
1635 808 1760 837 vene-

198 866 322 906 num,
353 851 550 894 vitandas
584 851 719 894 soceri
751 851 913 907 epulas.

985 854 1114 905 atque
1144 851 1220 894 illa
1252 851 1575 895 simulationum
1604 853 1762 908 nescia,

199 925 296 953 cum
326 913 505 965 propter
537 910 837 965 discumberet,
867 925 951 952 non
984 910 1108 953 vultu
1134 913 1208 952 aut
1240 924 1435 953 sermone
1459 911 1587 966 flecti,
1617 912 1761 955 nullos

150 970 415 1026 &attingere
447 970 585 1024 cibos,
622 970 757 1012 donec
795 970 981 1012 advertit
1012 969 1231 1025 Tiberius,
1267 970 1380 1012 forte
1419 984 1476 1012 an
1513 971 1615 1025 quia
1645 971 1762 1013 audi-

197 1031 338 1084 verat3
376 1029 504 1084 idque
543 1044 626 1084 quo
659 1029 800 1072 acrius
832 1029 1114 1084 experiretur,
1144 1043 1292 1084 poma,
1322 1032 1371 1071 ut
1403 1031 1525 1070 erant
1555 1029 1763 1084 adposita,

197 1088 382 1130 laudans
414 1088 543 1130 nurui
575 1103 652 1130 sua
677 1103 809 1130 manu
838 1087 1030 1131 tradidit.
1086 1090 1213 1130 aucta
1238 1102 1288 1130 ex
1314 1102 1363 1130 eo
1390 1088 1578 1143 suspicio
1603 1087 1764 1145 Agrip-

196 1147 342 1202 pinae,
383 1149 427 1190 et
468 1147 633 1190 intacta
664 1162 737 1190 ore
770 1149 903 1190 servis
934 1146 1135 1190 tramisit.

1199 1162 1279 1189 nec
1309 1149 1455 1188 tamen
1485 1146 1650 1190 Tiberii
1679 1162 1764 1191 vox

199 1221 343 1249 coram
377 1209 534 1262 secuta,
561 1207 633 1249 sed
659 1207 866 1250 obversus
893 1207 947 1249 ad
972 1208 1152 1249 matrem
1182 1220 1270 1249 non
1302 1206 1459 1248 mirum
1485 1206 1558 1262 ait,
1591 1207 1629 1249 si
1660 1207 1763 1263 quid

128 1279 173 1312 10
200 1266 389 1308 severius
420 1266 466 1308 in
497 1280 592 1308 eam
624 1266 861 1321 statuisset,
893 1281 918 1308 a
950 1281 1035 1321 qua
1058 1265 1253 1308 veneficii
1276 1265 1609 1309 insimularetur.
1662 1266 1762 1310 inde

197 1340 345 1367 rumor
375 1326 521 1380 parari
558 1325 755 1380 exitium,
791 1340 930 1380 neque
970 1325 1015 1366 id
1055 1325 1361 1380 imperatorem
1401 1325 1548 1380 palam
1593 1325 1763 1378 audere,

199 1387 411 1427 secretum
443 1384 495 1426 ad
526 1384 861 1440 perpetrandum
894 1384 1054 1440 quaeri.

317 1442 400 1485 Sed
426 1444 585 1486 Caesar
616 1458 699 1499 quo
731 1443 893 1486 famam
924 1445 1149 1497 averteret,
1175 1442 1323 1485 adesse
1354 1442 1558 1497 frequens
1592 1443 1762 1486 senatui

197 1502 452 1558 legatosque
498 1503 647 1557 Asiae,
698 1502 965 1558 ambigentes
1013 1516 1200 1557 quanam
1244 1502 1291 1543 in
1335 1501 1509 1544 civitate
1553 1503 1763 1557 templum

198 1563 469 1615 statueretur,
499 1561 634 1616 pluris
666 1576 742 1616 per
774 1561 863 1603 dies
898 1561 1075 1603 audivit.
1133 1560 1331 1602 undecim
1363 1560 1492 1602 urbes
1525 1561 1764 1617 certabant,

197 1621 291 1676 pari
324 1620 571 1676 ambitione,
597 1620 760 1662 viribus
788 1620 991 1663 diversae.
1046 1633 1182 1674 neque
1207 1619 1391 1661 multum
1419 1619 1628 1661 distantia
1651 1619 1765 1662 inter

150 1691 172 1725 5
200 1694 245 1722 se
276 1679 576 1722 memorabant
607 1680 657 1721 de
684 1681 897 1722 vetustate
929 1678 1111 1735 generis,
1138 1678 1279 1721 studio
1304 1678 1351 1720 in
1375 1678 1583 1734 populum
1606 1678 1764 1722 Roma-

247 1822 280 1854 4.
330 1819 455 1864 probis
480 1819 720 1864 „sittlichen,
751 1818 943 1855 anstandi-

198 1867 312 1911 gen“‚
338 1866 390 1901 im
410 1864 617 1912 Gegensatz
642 1877 764 1912 gegen
788 1866 848 1902 die
874 1866 943 1902 all-

198 1913 348 1960 gemein
372 1913 620 1950 herrschende
644 1913 824 1949 Unzucht.

246 1975 279 2008 5.
325 1973 427 2008 Statt
451 1972 516 2007 der
534 1973 666 2009 Worte
685 1973 749 2018 qui
767 1983 943 2017 memore-3,

199 2018 259 2055 die
299 2020 421 2056 Ritter
463 2020 615 2065 erganzt
657 2021 741 2064 hat,
779 2020 945 2056 befindet

198 2066 279 2102 sich
302 2067 342 2101 in
366 2067 432 2103 der
450 2067 696 2103 Handschrift
715 2067 796 2103 eine
816 2067 944 2103 Lt‘icke

198 2125 271 2151 von
297 2117 395 2150 etwa
419 2114 594 2150 dreizehn
618 2115 866 2151 Buchstabcn.

247 2176 280 2209 7.
323 2176 502 2218 quantum
526 2184 570 2208 ex
593 2184 629 2209 se
647 2177 840 2218 peteretur.
885 2172 945 2208 Da

199 2220 259 2256 ein
274 2220 375 2256 Sohn
395 2220 460 2255 der
473 2219 682 2266 Agrippina
702 2233 786 2256 zum
800 2221 944 2256 Thron—

199 2266 320 2313 folger
343 2267 538 2302 bestimmt
556 2278 643 2311 war,
664 2279 704 2303 so
731 2267 866 2303 mufste
884 2266 946 2303 ihr

200 2315 360 2351 Gemahl
384 2314 535 2360 grossen
559 2314 714 2351 Einfluss
738 2315 872 2351 haben.

248 2378 281 2410 8.
332 2366 433 2410 Uber
458 2374 529 2409 den
557 2372 715 2410 Genetiv
739 2373 802 2410 bei
826 2374 945 2410 mani-

198 2422 312 2467 festus
338 2433 366 2456 s.
393 2433 437 2456 zu
461 2425 495 2465 2,
521 2424 577 2457 85.

249 2483 304 2515 10.
350 2478 419 2515 Die
445 2479 651 2516 Memoiren
676 2479 742 2516 der
762 2479 946 2526 jfingeren

198 2525 426 2573 Agrippina,
450 2527 515 2562 der
539 2527 681 2563 Mutter
707 2527 770 2563 des
795 2526 946 2562 Kaisers

198 2573 319 2618 Nero,
344 2554 493 2610 werden
518 2575 613 2610 auch
639 2586 712 2610 von
743 2574 827 2628 dem
853 2573 946 2609 alte-

200 2632 268 2657 ren
291 2621 434 2657 Plinius
460 2622 638 2658 erwahnt.

247 2680 311 2716 54.
361 2684 393 2716 3.
443 2681 566 2717 soceri.
618 2679 787 2715 Tiberius
812 2678 862 2715 ist
884 2679 945 2714 ihr

199 2726 536 2780 thwiegervater‚
574 2727 661 2763 weil
703 2726 945 2762 Germanicus

197 2774 277 2809 sein
306 2755 567 2819 Adoptivsolin
598 2786 687 2810 war.
719 2794 764 2800 —
802 2774 945 2810 nescius

198 2819 334 2866 „nicht
369 2821 612 2867 vermogend,
655 2820 831 2866 unfahig‘
835 2823 861 2865 ‘3
904 2821 943 2856 in

197 2848 320 2904 dieser
344 2868 565 2915 Bedeutung
597 2872 673 2904 erst
704 2868 743 2904 in
769 2868 841 2904 den
866 2869 943 2903 An-

1015 1817 1143 1854 nalen:
1181 1822 1221 1863 3,
1250 1821 1269 1852 1
1295 1818 1489 1854 tolerandi.
1548 1821 1592 1854 67
1618 1818 1764 1854 orandi.

1016 1865 1129 1900 Sonst
1147 1877 1217 1901 nur
1236 1864 1299 1901 bei
1316 1864 1551 1901 klassischen
1570 1865 1761 1902 Dichter-n,

1064 1927 1096 1959 4.
1142 1923 1376 1968 discumbere,
1396 1935 1471 1960 von
1491 1924 1611 1960 einem
1630 1923 1765 1961 einzel-

1015 1982 1090 2007 nen
1113 1971 1256 2016 gesagt,
1284 1981 1311 2008 s.
1339 1984 1383 2007 zu
1409 1975 1442 2016 3,
1471 1975 1526 2007 14.

1064 2022 1096 2053 9.
1154 2028 1275 2054 coram
1300 2035 1344 2049 =
1371 2020 1420 2054 ad
1444 2019 1563 2064 ipsam
1587 2019 1765 2064 Agrippi·

1015 2076 1102 2101 nam
1127 2076 1308 2101 conversa.
1367 2066 1415 2102 So
1441 2066 1534 2102 wird
1560 2066 1627 2101 das
1652 2065 1765 2102 Wort

1016 2113 1136 2148 selten
1154 2112 1373 2158 gebraucht,
1385 2113 1456 2149 wie
1475 2112 1562 2150 dial.
1576 2116 1622 2148 36
1641 2123 1763 2150 coram

1015 2164 1049 2196 et
1062 2163 1278 2204 praesentes.
1312 2159 1385 2196 Cic.
1401 2161 1447 2196 de
1460 2160 1533 2205 leg.
1548 2170 1626 2206 agr.
1642 2163 1676 2204 3,
1690 2164 1722 2204 1,
1743 2164 1763 2196 1

1016 2218 1137 2243 coram
1156 2208 1295 2252 potius,
1321 2219 1375 2243 me
1399 2211 1602 2253 praesente.
1632 2227 1679 2234 —-
1705 2208 1763 2244 ob-

1015 2265 1139 2291 versus
1163 2254 1258 2290 statt
1281 2265 1490 2299 conversus,
1528 2254 1567 2290 in
1601 2255 1673 2290 den
1697 2254 1764 2290 Hi-

1017 2301 1156 2337 storien
1181 2301 1258 2336 und
1278 2302 1458 2348 Annalen,
1485 2302 1536 2337 ist
1559 2305 1765 2349 ursprfing—

1015 2348 1093 2384 lich
1125 2349 1315 2404 poetischfl,
1347 2349 1446 2385 dann
1476 2348 1556 2387 Liv.
1584 2353 1623 2394 6,
1650 2353 1670 2385 7
1703 2349 1764 2386 ob·

1017 2407 1140 2432 versus
1169 2397 1212 2432 in
1242 2397 1365 2432 aciem.
1416 2401 1454 2441 6,
1481 2400 1529 2432 24
1560 2396 1765 2443 obvertique

1019 2444 1131 2479 aciem
1155 2444 1336 2480 viderunt.

1065 2490 1129 2527 55.
1182 2495 1213 2526 1.
1261 2491 1464 2537 frequens,
1469 2489 1643 2536 ,“httufig
1667 2489 1763 2526 wird

1017 2538 1112 2573 auch
1155 2548 1228 2574 von
1265 2538 1455 2574 einzelnen
1495 2537 1647 2584 gesagt,
1689 2536 1762 2573 wie

1018 2596 1073 2630 cp.
1100 2589 1133 2620 3.
1162 2589 1221 2629 13,
1248 2588 1293 2620 35
1324 2587 1401 2631 ipse
1430 2605 1476 2611 —
1509 2585 1551 2620 in
1575 2585 1763 2621 laboribus

1015 2632 1184 2678 frequens
1216 2633 1347 2668 adesse.
1397 2633 1457 2677 Ag
1458 2644 1484 2667 r.
1517 2635 1574 2667 37.
1606 2631 1693 2667 hist.
1725 2635 1760 2677 4,

1018 2682 1074 2715 69
1120 2678 1169 2714 So
1195 2679 1310 2715 sehon
1330 2678 1404 2716 Cic.
1424 2689 1491 2724 pro
1504 2677 1613 2715 Rosc.
1633 2678 1716 2714 Am.
1738 2683 1759 2715 6

1017 2730 1097 2762 erat
1120 2727 1182 2762 ille
1206 2726 1343 2762 Romae
1365 2727 1543 2772 frequens.
1593 2726 1639 2762 de
1665 2727 1759 2762 orat.

1018 2777 1049 2818 1,
1077 2777 1121 2809 57
1140 2774 1309 2819 frequens
1327 2777 1360 2809 te
1377 2773 1507 2809 audivi
1525 2775 1632 2818 atque
1651 2774 1759 2818 affui.

1065 2824 1096 2855 2.
1124 2821 1304 2865 templum,
1322 2820 1486 2855 namlich
1497 2819 1562 2856 des
1575 2820 1758 2866 Tiberius,

1015 2867 1081 2903 der
1096 2866 1206 2903 Livia
1224 2868 1300 2903 und
1319 2867 1384 2904 des
1405 2867 1571 2904 Senates.
1608 2866 1679 2913 ΚΡ.
1701 2870 1752 2904 15.
