1820 3100
569 93 715 151 LIBER.
738 93 802 130 XI.
836 93 939 131 GAP.
966 99 1117 131 31—34.
1575 97 1631 139 27

58 203 188 246 tificis
213 203 391 246 maximi
422 217 547 245 aures
573 203 702 257 adire,
733 203 1010 245 clementiam
1036 206 1250 258 expetere.
1288 207 1418 259 atque
1443 205 1633 262 interim,

58 264 198 306 tribus
225 262 402 305 omnino
429 262 736 305 comitantibus
757 259 820 316 (id
837 263 1016 317 repente
1036 263 1281 305 solitudinis
1302 262 1416 319 erat)
1442 240 1634 319 spatiuni

57 322 177 366 urbis
220 321 402 378 pedibus
447 335 640 376 emensa,
680 320 896 375 vehiculo,
945 335 1029 376 quo
1073 324 1364 390 purgamenta
1405 323 1634 365 hortorum

59 382 348 437 excipiuntur,
391 380 637 423 Ostiensem
674 379 790 422 viam
825 379 980 436 intrat,
1022 381 1147 423 nulla
1180 381 1432 438 cuiusquam
1469 382 1633 425 miseri-

59 442 222 496 cordia,
255 441 356 496 quia
384 439 654 495 flagitiorum
686 438 940 482 deformitas
971 441 1262 495 praevalebat.

176 499 492 555 Trepidabatur
521 498 659 541 nihilo
685 498 828 541 minus
862 514 888 540 a
914 497 1117 542 Caesare:
1151 500 1310 556 quippe
1341 499 1479 543 Getae
1510 515 1633 555 prae·
1647 500 1704 542 33

57 560 160 603 torii
191 559 410 616 praefecto
441 558 558 600 haud
583 558 689 600 satis
721 558 927 614 fidebant,
958 559 1012 601 ad
1036 559 1223 602 honesta
1247 574 1323 602 seu
1353 575 1489 616 prava
1513 561 1634 602 iuxta

57 619 153 662 levi.
203 632 305 675 ergo
331 617 582 672 Narcissus,
615 616 855 673 adsumptis
881 618 1038 673 quibus
1064 619 1179 661 idem
1203 621 1362 674 metus,
1386 634 1477 662 non
1503 620 1634 661 aliam

58 693 189 734 spem
208 677 520 720 incolumitatis
548 674 748 719 Caesaris
775 677 984 732 adfirmat,
1017 693 1148 733 quam
1175 678 1213 720 si
1237 678 1305 721 ius
1331 678 1521 721 militum
1546 692 1633 721 uno

56 738 132 780 illo
164 737 232 779 die
263 737 311 779 in
336 736 525 792 aliquem
555 736 812 778 libertorum
842 737 1112 792 transferret,
1144 751 1278 793 seque
1305 737 1431 780 offert
1463 752 1634 793 suscep·
1660 747 1681 779 5

55 799 212 839 turum.
275 810 325 838 ac
361 810 435 851 ne,
479 796 581 838 dum
619 795 665 837 in
702 796 853 838 urbem
893 796 1133 852 revehitur,
1172 797 1226 839 ad
1263 797 1578 852 paenitentiam
1609 811 1635 839 a

55 855 104 899 L.
134 855 313 898 Vitellio
346 857 390 897 et
418 854 563 911 Largo
596 853 784 898 Caecina
820 857 1079 912 mutaretur,
1121 856 1169 898 in
1205 856 1357 899 eodem
1394 857 1634 912 gestamine

58 915 202 958 sedem
233 915 378 970 poscit
407 915 739 970 assumiturque.

177 973 467 1029 Crebra‘post
490 974 598 1015 haec
621 973 742 1015 fama
765 973 867 1029 fuit,
897 974 1012 1017 inter
1042 974 1236 1016 diversas
1260 975 1467 1030 principis
1494 989 1634 1029 voces,
1648 973 1706 1016 34

57 1049 154 1076 cum
184 1033 314 1076 modo
351 1034 571 1075 incusaret
606 1033 776 1088 flagitia
811 1034 976 1089 uxoris,
1017 1034 1250 1089 aliquando
1289 1034 1343 1076 ad
1380 1035 1635 1076 memoriam

58 1093 251 1148 coniugii
282 1094 327 1134 et
356 1092 589 1134 infantiam
620 1092 857 1134 liberorum
881 1093 1191 1147 revolveretur,
1221 1108 1310 1136 non
1343 1093 1462 1135 aliud
1491 1094 1634 1148 prolo-

58 1154 205 1195 cutum
230 1151 455 1194 Vitellium
488 1166 619 1207 quam
651 1150 698 1193 to
730 1151 915 1194 facinus!
949 1167 974 1195 o
1007 1152 1187 1194 scelus!'
1237 1153 1432 1195 instabat
1462 1152 1634 1208 quidem

56 1211 288 1255 Narcissus
314 1211 479 1266 aperire
506 1211 712 1266 ambages
739 1213 783 1252 et
806 1211 899 1253 veri
924 1211 1095 1267 copiam
1126 1211 1287 1254 facere:
1320 1212 1396 1254 sed
1421 1227 1511 1254 non
1536 1211 1632 1254 ideo
1660 1221 1680 1253 5

56 1271 254 1326 pervicit,
292 1270 397 1326 quin
428 1284 639 1325 suspensa
670 1272 715 1312 et
752 1284 836 1326 quo
869 1270 1128 1313 ducerentur
1164 1271 1426 1314 inclinatura
1455 1286 1633 1326 respon—

56 1330 178 1372 deret
215 1330 496 1385 exemploque
536 1330 626 1372 eius
658 1328 827 1385 Largus
859 1329 1046 1373 Caecina
1078 1332 1281 1373 uteretur.
1338 1333 1381 1373 et
1418 1331 1508 1373 iam
1539 1333 1634 1373 erat

55 1389 102 1431 in
128 1386 306 1445 aspectu
329 1388 564 1432 Messalina
589 1389 927 1445 clamitabatque
960 1389 1128 1432 audiret
1154 1389 1359 1433 Octaviae
1392 1392 1436 1432 et
1460 1390 1631 1432 Britan-

55 1449 143 1492 nici
175 1451 375 1504 matrem,
410 1464 507 1492 cum
539 1450 788 1504 obstrepere
821 1452 1061 1505 accusator,
1102 1448 1255 1492 Silium
1287 1451 1332 1492 et
1361 1451 1537 1517 nuptias
1569 1464 1632 1492 re-

55 1509 215 1565 ferens;
255 1508 383 1551 simul
416 1509 636 1552 codicillos
674 1509 904 1552 libidinum
940 1509 1103 1552 indices
1140 1509 1336 1563 tradidit,
1378 1510 1474 1564 quis
1512 1510 1632 1551 visus
1661 1519 1704 1551 10

57 1566 252 1611 Caesaris
291 1570 514 1611 averteret.
569 1583 648 1611 nec
686 1569 824 1612 multo
862 1571 963 1624 post
997 1569 1150 1611 urbem
1186 1569 1448 1625 ingredienti
1485 1569 1633 1611 offere-

57 1627 216 1670 bantur
246 1642 496 1671 communes
527 1628 671 1683 liberi,
709 1629 795 1671 nisi
825 1628 1056 1671 Narcissus
1090 1629 1282 1672 amoveri
1314 1643 1388 1671 eos
1424 1629 1633 1672 iussisset.

55 1686 281 1730 Vibidiam
314 1687 529 1743 depellere
553 1688 760 1744 nequivit,
793 1689 897 1744 quin
928 1689 1066 1730 multa
1091 1703 1188 1731 cum
1219 1688 1384 1731 invidia
1415 1688 1634 1745 flagitaret

55 1761 111 1788 ne
141 1747 366 1790 indefensa
398 1747 585 1790 coniunx
618 1748 748 1790 exitio
789 1748 973 1790 daretur.
1024 1748 1159 1804 igitur
1192 1748 1438 1790 auditurum
1473 1749 1631 1803 princi-

55 1821 156 1861 pem
162 1799 229 1848 et
248 1806 341 1848 fore
366 1806 556 1849 diluendi
582 1807 770 1850 criminis
796 1807 1048 1850 facultatem
1074 1807 1315 1862 respondit:
1347 1808 1432 1851 iret
1455 1808 1629 1850 interim
1658 1818 1701 1850 15

58 1865 182 1921 virgo
215 1868 258 1907 et
289 1879 410 1908 sacra
442 1868 693 1921 capesseret

106 2024 162 2055 11.
182 2021 287 2056 adire
306 2031 414 2056 aures
433 2021 593 2057 alicuius
618 2022 714 2057 statt
737 2022 804 2057 ali-

55 2078 158 2113 quem
182 2067 234 2103 ist
256 2079 331 2104 neu
355 2067 544 2114 gebildete
568 2069 719 2105 Phrase.

105 2130 161 2163 12.
198 2128 241 2163 id
277 2127 350 2163 mit
392 2128 478 2164 dem
515 2127 674 2164 Genetiv
713 2129 807 2163 statt

55 2177 200 2218 tamtus,
231 2174 312 2211 also
345 2175 551 2222 steigernd,
589 2175 639 2211 ist
669 2176 806 2211 hochst

57 2222 358 2268 ungewohnlich.

103 2316 168 2352 33.
196 2321 227 2351 1.
254 2328 279 2352 a
305 2316 458 2353 Caesare
488 2317 522 2354 d.
549 2317 585 2354 h.
617 2328 693 2353 von
719 2317 804 2353 dem

56 2361 189 2400 Kaisar
200 2364 278 2399 und
292 2363 434 2400 seinem
447 2364 614 2411 Gefolge,
634 2366 803 2401 nament-

54 2410 132 2446 lich
155 2411 363 2447 Narcissus.

103 2462 135 2494 3.
163 2459 232 2494 levi
254 2458 577 2504 „unzuverlmiff
581 2488 590 2495 .

101 2509 135 2540 4.
161 2507 221 2542 ius
239 2507 397 2542 militwm
422 2505 474 2541 ist
495 2506 560 2542 der
581 2505 806 2543 Oberbefehl

55 2552 148 2588 fiber
173 2553 234 2589 die
258 2553 509 2589 Pratorianer.

104 2615 136 2648 ὅ.
161 2622 199 2648 se
222 2613 345 2656 offert,
375 2612 447 2648 wie
474 2616 530 2657 16,
556 2616 602 2648 26
634 2613 805 2657 offerebat

56 2668 92 2694 se
115 2659 397 2696 intercessmum
420 2663 570 2696 senatus
594 2661 767 2696 consulto.

105 2722 136 2754 ’1.
162 2719 204 2754 L.
223 2718 400 2755 Vitellius
418 2719 467 2755 ist
487 2719 553 2754 der
571 2718 714 2754 Konsul
739 2719 804 2755 des

57 2765 212 2811 vorigen
235 2766 384 2810 Jahres,
410 2778 438 2801 s.
465 2766 535 2811 ΚΡ.
556 2769 588 2802 2.

108 2827 139 2859 ’1.
174 2824 333 2861 Caecina
368 2836 447 2860 war
484 2829 530 2860 42
563 2825 707 2861 Konsul
741 2836 804 2871 ge-

58 2879 193 2907 wesen.
225 2892 269 2898 —
303 2876 484 2918 qestamen
514 2873 694 2909 bedeutet
723 2873 805 2908 hier

877 2022 979 2057 wohl
1019 2022 1264 2068 „Fuhrwerk,
1302 2023 1491 2068 Wagen“,
1526 2022 1632 2058 nicht

878 2069 1055 2114 „S'anfte“
1101 2073 1156 2114 14,
1188 2074 1222 2105 4.
1262 2073 1319 2116 15,
1350 2073 1395 2106 57
1434 2071 1634 2116 qestamine

876 2118 994 2153 sellae.
1041 2116 1098 2152 Im
1131 2117 1320 2153 silbemen
1351 2117 1485 2154 Latein
1517 2117 1632 2154 heisst

876 2165 1018 2247 gestau-Fiq
1031 2165 1128 2248 aaz&
1146 2165 1337 2211 „fahren“,
1357 2166 1511 2210 qestatio
1530 2166 1628 2202 auch

903 2222 938 2247 1e
966 2240 987 2257 „
1021 2223 1043 2248 a
1134 2241 1140 2248 .

924 2304 987 2343 34.
1027 2311 1059 2343 2.
1095 2307 1200 2343 modo
1226 2328 1271 2333 —-
1296 2307 1518 2353 aliquando,
1559 2307 1630 2342 wie

879 2359 910 2400 1,
925 2358 981 2390 81.
1009 2358 1041 2399 6,
1057 2357 1101 2390 35
1123 2355 1199 2390 und
1220 2355 1399 2405 ottenist
1417 2354 1629 2390 taciteisch.

924 2418 958 2449 4.
983 2415 1123 2449 instare
1142 2413 1213 2448 mit
1237 2414 1323 2449 dem
1343 2413 1508 2449 Infinitiv
1532 2413 1630 2448 auch

878 2461 970 2506 Cic.‚
995 2460 1059 2496 bei
1084 2461 1173 2496 Tac.
1198 2473 1268 2496 nur
1292 2460 1384 2496 hier.

925 2523 958 2556 5.
983 2530 1059 2555 mm
1077 2519 1237 2564 pervicit
1255 2520 1347 2564 quin
1365 2519 1414 2554 ist
1433 2529 1522 2562 neu3
1549 2518 1627 2564 vgl.

877 2567 956 2602 Liv.
988 2571 1022 2612 4,
1055 2570 1113 2610 44,
1148 2570 1169 2601 2
1203 2577 1269 2602 ‘nec
1300 2569 1462 2611 potestas
1498 2567 1628 2602 horum

876 2614 995 2650 valuit
1020 2614 1110 2659 quin
1131 2613 1373 2659 praeferrent.

926 2677 959 2708 9.
984 2683 1067 2708 cum
1090 2672 1300 2717 obstrepere.
1333 2671 1368 2708 S.
1395 2672 1492 2708 Einl.
1517 2675 1548 2715 §-
1570 2676 1626 2708 92.

926 2735 982 2768 11.
1002 2731 1249 2775 offerebantm‘
1264 2751 1307 2757 --
1319 2730 1406 2766 nisi.
1428 2731 1513 2777 Vgl.
1528 2730 1627 2767 Einl.

862 2782 909 2821 ,5.
938 2782 1018 2823 103,
1046 2782 1077 2814 1.

927 2830 982 2862 13.
1007 2825 1154 2861 invidia
1179 2825 1438 2870 „Vorwfirfe“;
1465 2836 1506 2862 so
1530 2825 1629 2862 oster

876 2873 938 2909 bei
964 2873 1125 2910 Tacitus.
