1786 3094
589 106 738 142 LIBER
760 106 790 142 Ι.
841 105 946 144 ΟΑΡ.
973 109 1126 142 'ts—81.
1586 107 1644 150 93

75 214 328 257 mortalium
353 213 619 256 consuluisse
649 215 864 269 naturam,
896 228 1005 269 quae
1036 228 1114 256 sua
1145 228 1222 256 ora
1250 213 1512 268 fluminibus,
1544 229 1644 258 suos

75 288 224 316 cursus
263 276 396 329 utque
437 273 669 328 originem,
716 272 780 314 ita
821 273 931 315 fines
972 272 1149 315 dederit.
1213 272 1472 327 spectandas
1513 273 1645 315 etiam

74 333 305 388 religiones
332 332 559 387 sociorum,
584 331 658 386 qui
690 346 814 374 sacra
839 334 884 374 et
906 332 1029 374 lucos
1056 335 1101 373 et
1131 346 1229 373 aras
1254 331 1412 386 patriis
1444 332 1645 374 amnibus

75 391 327 446 dicaverint;
373 391 476 446 quin
512 391 654 446 ipsum
692 390 884 433 Tiberim
920 391 1038 434 nolle
1081 405 1262 446 prorsus
1300 391 1457 433 accolis
1499 391 1643 433 fluviis

74 451 274 493 orbatum
317 450 482 493 minore
527 450 671 506 gloria
712 449 856 493 fluere.
935 464 1009 492 seu
1059 464 1208 505 preces
1259 450 1524 492 coloniarum
1569 465 1643 492 seu
1658 456 1702 488 15

75 509 306 552 difficultas
350 523 529 565 operum
580 508 670 551 sive
717 509 970 565 superstitio
1013 510 1152 551 valuit
1193 511 1243 551 ut
1290 509 1337 550 in
1382 509 1644 552 sententiam

73 567 150 611 Cn.
180 568 353 611 Pisonis
385 567 700 623 concederetur,
731 569 807 623 qui
836 568 899 610 nil
930 567 1188 610 mutandum
1221 571 1458 610 censuerat.

190 626 458 683 Prorogatur
505 627 710 682 Poppaeo
761 626 920 670 Sabino
976 627 1203 683 provincia
1251 626 1435 682 Moesia,
1484 627 1644 670 additis
1660 630 1717 673 80

72 684 240 741 Achaia
284 701 334 729 ac
363 686 628 729 Macedonia.
702 686 746 728 id
790 701 959 742 quoque
1003 701 1171 729 morum
1204 685 1369 728 Tiberii
1405 686 1505 741 fuit,
1545 701 1645 729 con-

72 746 244 788 tinuare
284 745 466 802 imperia
507 760 556 788 ac
599 746 826 801 plerosque
868 746 923 788 ad
959 746 1091 788 finem
1123 746 1239 788 vitae
1276 745 1323 787 in
1360 746 1499 788 isdem
1530 761 1645 789 exer-

71 804 229 847 citibus
275 808 351 847 aut
389 805 763 847 iurisdictionibus
800 805 972 848 habere.
1041 820 1195 847 causae
1233 805 1352 847 varie
1388 805 1644 848 traduntur:

72 863 149 906 alii
178 863 322 907 taedio
362 879 500 907 novae
538 878 664 906 curae
697 864 830 906 semel
861 865 1023 919 placita
1053 879 1132 920 pro
1173 864 1360 906 aeternis
1394 865 1645 920 servavisse,
1660 880 1680 912 5

73 922 247 978 quidam
278 923 458 978 invidia,
489 937 544 965 ne
574 924 722 978 plures
757 924 1021 978 fruerentur3
1061 926 1164 966 sunt
1195 924 1268 979 qui
1300 924 1564 978 existiment,
1595 927 1646 966 ut

69 982 273 1025 callidum
317 983 408 1025 eius
454 982 697 1038 ingenium,
742 983 806 1025 ita
846 983 1020 1025 anxium
1057 983 1276 1025 iudicium.
1348 997 1486 1038 neque
1530 984 1645 1025 enim

73 1042 302 1084 eminentis
351 1042 536 1084 virtutes
587 1042 852 1097 sectabatur,
902 1044 946 1084 et
994 1056 1166 1084 rursum
1215 1042 1323 1084 vitia
1372 1042 1545 1084 oderat:
1595 1057 1647 1085 ex

72 1101 248 1155 optimis
299 1101 538 1155 periculum
588 1101 689 1153 sibi,
736 1116 762 1142 a
804 1101 1005 1156 pessimis
1049 1101 1234 1144 dedecus
1284 1101 1507 1156 publicum
1556 1116 1645 1144 me-

71 1160 233 1202 tuebat.
319 1175 404 1215 qua
458 1160 748 1202 haesitatione
803 1163 1022 1215 postremo
1079 1174 1129 1203 eo
1179 1163 1409 1215 provectus
1466 1162 1550 1216 est,
1598 1163 1648 1203 ut
1663 1176 1707 1209 10

73 1219 343 1261 mandaverit
375 1218 633 1275 quibusdam
663 1219 929 1274 provincias,
968 1233 1075 1275 quos
1114 1219 1262 1275 egredi
1293 1219 1398 1261 urbe
1429 1234 1519 1262 non
1552 1222 1647 1262 erat

71 1292 289 1333 passurus.

192 1337 257 1379 De
294 1337 482 1379 comitiis
520 1337 819 1380 consularibus
852 1351 960 1393 quae
997 1339 1092 1379 tum
1122 1336 1310 1392 primum
1340 1337 1420 1380 illo
1452 1338 1648 1393 principe
1663 1344 1717 1387 81

75 1410 127 1438 ac
158 1395 360 1451 deinceps
391 1397 531 1451 fuere,
566 1396 639 1438 vix
670 1397 900 1452 quicquam
938 1397 1110 1438 firmare
1142 1396 1299 1438 ausim:
1339 1397 1445 1439 adeo
1478 1397 1650 1440 diversa

74 1469 164 1497 non
195 1455 324 1498 modo
357 1455 471 1511 apud
498 1457 696 1497 auctores
731 1456 804 1497 sed
829 1456 877 1498 in
901 1455 1040 1510 ipsius
1066 1456 1337 1498 orationibus
1363 1457 1648 1511 reperiuntur.

74 1514 202 1556 modo
245 1514 479 1556 subtractis
524 1515 850 1557 candidatorum
894 1514 1144 1557 nominibus
1188 1515 1398 1571 originem
1442 1515 1648 1571 cuiusque

72 1576 118 1615 et
147 1574 285 1615 vitam
317 1576 361 1616 et
393 1573 608 1629 stipendia
640 1574 890 1630 descripsit,
926 1577 976 1616 ut
1008 1574 1082 1630 qui
1119 1573 1265 1616 forent
1301 1574 1645 1631 intellegeretur3
1660 1592 1681 1624 5

22 1646 26 1651 ·
72 1632 307 1688 aliquando
352 1647 403 1675 ea
441 1647 611 1689 quoque
651 1634 967 1689 significatione
1005 1634 1229 1676 subtracta
1266 1634 1519 1677 candidatos
1551 1635 1648 1678 hor-

74 1795 231 1840 binden,
262 1796 364 1832 steht
396 1796 492 1831 auch
518 1796 613 1832 Plin.
639 1808 676 1832 n.
701 1797 738 1833 h.
766 1801 824 1841 29,
896 1797 1046 1833 rischen
1056 1796 1224 1843 Legaten
1238 1797 1385 1833 solcher
1396 1797 1650 1834 kaiserlichen

74 1846 106 1886 §-
129 1846 173 1878 16
198 1847 386 1889 quaestum
411 1854 484 1879 esse
507 1845 739 1881 recusabant.
778 1848 824 1880 35
897 1843 1120 1888 Provinzen,
1165 1845 1205 1880 in
1248 1845 1370 1880 denen
1419 1845 1509 1881 kein
1550 1845 1651 1881 Heer

74 1893 108 1933 ς.
126 1894 179 1925 -49
211 1891 326 1926 inlini
354 1894 526 1926 recusant
551 1892 824 1937 purpurissum.
898 1892 1020 1934 stand,
1045 1891 1116 1927 wie
1136 1905 1165 1926 z.
1186 1891 1228 1926 B.
1254 1892 1294 1927 in
1315 1891 1464 1928 Gallien
1484 1893 1562 1928 und
1587 1893 1654 1928 auf

75 1936 225 1973 Ebenso
243 1938 477 1973 konstruiert
490 1938 643 1973 Tacitus
657 1939 826 1975 obsistere
896 1938 1031 1974 Inseln.

75 1984 154 2019 und
171 1985 378 2029 prohibere.
948 1990 1003 2020 10.
1018 1989 1060 2021 ut
1072 1986 1315 2021 mandaverit.
1343 1986 1427 2032 Vgl.
1439 1986 1537 2022 Einl.
1551 1991 1583 2030 ξ.
1593 1991 1649 2023 98.

126 2046 182 2079 13.
207 2043 398 2079 sociorum.
443 2042 575 2078 Damit
598 2044 748 2079 meinen
773 2043 826 2080 sie
947 2032 1013 2068 81·
1041 2037 1072 2068 1·
1109 2024 1211 2068 Uber
1243 2033 1303 2068 die
1328 2044 1415 2069 V⁰m
1442 2034 1580 2070 senate
1606 2047 1651 2070 ΖΠ

76 2089 159 2125 ihre
178 2089 407 2134 Vorfahren,
434 2090 610 2136 obgleich
630 2091 685 2127 sie
711 2091 828 2127 selbst
899 2079 1159 2134 VPUZiehenqe
1194 2080 1311 2115 wahl
1354 2081 1419 2116 der
1449 2081 1650 2136 Reamten,

76 2137 190 2183 lange
203 2138 320 2174 schon
341 2138 407 2173 das
419 2137 673 2183 Bfirgerrecht
689 2139 826 2174 haben.
900 2128 962 2162 dle
988 2128 1087 2162 ‘meh
1108 2127 1205 2173 3θῖΖῦ
1229 2128 1327 2163 1¹00h
1355 2127 1516 2164 Comitia
1540 2129 1650 2174 ῙΠΘΓΒ,

129 2198 185 2231 14·
238 2196 401 2232 Tiberim
418 2197 514 2232 noue
569 2196 638 2232 Die
657 2196 828 2232 Personi·
900 2187 929 2209 s.
956 2187 1003 2210 zu
1041 2185 1098 2220 cp.
1127 2177 1182 2210 15.
1238 2174 1332 2211 Eine
1366 2176 1651 2232 Pratorenwahl

76 2243 236 2278 fikation
270 2242 373 2279 eines
404 2226 555 2279 Flusses
594 2245 696 2279 kann
729 2245 827 2279 nach
899 2222 997 2258 nach
1028 2222 1114 2258 dem
1147 2233 1267 2258 neuen
1292 2223 1425 2258 Modus
1456 2224 1565 2259 hatte
1596 2237 1651 2260 ιω

80 2290 155 2326 den
190 2290 392 2337 religionen
428 2291 722 2336 Vorstellungen
760 2291 827 2328 der
898 2269 1055 2351 {migen
1087 2269 1203 2306 Jahre
1241 2270 1543 2316 Stattgefundeni
1574 2271 1649 2326 ,ᾶίθ

77 2336 195 2373 Alton
217 2338 324 2373 niem
349 2338 540 2374 anfi-auen.
935 2317 1069 2352 onsuln
1089 2317 1242 2353 wurden
1261 2318 1408 2353 damals
1428 2319 1526 2354 noch
1545 2321 1652 2355 nicht

127 2395 178 2432 80
243 2400 274 2432 1.
332 2397 491 2433 Sabinus
535 2397 659 2433 erhalt
701 2399 827 2443 spater
898 2374 986 2419 vqm
1011 2364 1149 2400 senate
1179 2366 1362 2420 88Ἦῆῂηῖ
1389 2366 1476 2420 wpss
1508 2367 1560 2402 gie
1585 2366 1650 2402 be·

180 2421 191 2432 ·
898 2414 990 2447 re1ts
1014 2423 1102 2448 vom
1131 2411 1249 2448 Volke
1283 2412 1490 2458 desigmert
1513 2425 1649 2450 waren.

4 2487 13 2495 ·
78 2454 210 2489 wegen
229 2444 350 2480 seines
371 2444 500 2490 Sieges
518 2446 611 2480 iiber
634 2445 694 2480 die
712 2445 828 2480 Thra·
947 2462 980 2494 2·
1030 2460 1186 2503 firmare·
1239 2459 1274 2495 S,
1299 2472 1344 2494 zu
1370 2464 1404 2504 3,
1432 2464 1487 2495 14,

78 2490 156 2526 0531*
196 2491 258 2527 die
288 2491 478 2537 Inssignien
510 2492 575 2528 des
606 2492 828 2538 Triumphess
947 2509 982 2542 4.
1006 2507 1217 2542 subtrahere
1241 2505 1294 2541 im
1317 2506 1429 2542 Sinne
1448 2519 1521 2543 von
1547 2509 1651 2544 omit-

81 2537 159 2572 und
191 2538 303 2573 flffirbt
333 2538 385 2573 im
410 2539 442 2575 J·
470 2542 533 2593 3,5s
572 2540 757 2594 Passhdem
789 2551 829 2575 ‘³1‘
901 2555 990 2595 tere,
1026 2555 1173 2589 reticere
1206 2552 1259 2589 ist
1296 2554 1382 2590 sehr
1416 2553 1536 2590 selten
1573 2556 1650 2591 und

80 2588 128 2620 24
158 2584 272 2620 Jahre
307 2585 399 2631 lang
436 2586 681 2622 kalflel'llssher
712 2586 829 2622 εἴδω·
901 2600 1192 2636 nachklassisch.
1244 2621 1289 2626 —
1339 2601 1410 2636 Die
1452 2602 1652 2638 Bewerber

82 2631 207 2667 halter
230 2643 404 2677 geweeen
427 2632 487 2669 ist·
520 2654 565 2660 —
595 2634 741 2670 Msssien
764 2635 830 2679 lag
901 2647 1034 2682 hatten
1077 2647 1158 2683 sich
1201 2647 1263 2683 bei
1306 2648 1393 2683 dem
1430 2649 1562 2685 Kaiser
1604 2663 1651 2686 zu

82 2689 145 2714 am
168 2680 324 2715 rechten
336 2680 427 2716 Ufer
439 2681 506 2716 der
518 2681 675 2716 unteren
685 2682 828 2725 Bonan,
902 2694 1070 2738 melden,
1102 2694 1169 2729 der
1201 2695 1280 2730 εἱσι)
1313 2694 1380 2730 das
1413 2696 1537 2732 flecht
1567 2709 1650 2733 vor-

78 2725 336 2806 -ΪΔθῇΖῗὲθὼίθΠ
349 2728 426 2762 und
440 2728 653 2782 ΒΠῙΒΞΠῙΘΠ·
668 2750 713 2754 -
730 2720 830 2764 Uber
902 2741 1063 2785 behielt‚
1094 2742 1295 2777 hochstens
1325 2741 1406 2777 vier
1430 2755 1504 2779 von
1534 2744 1650 2780 ihnen

117 2773 228 2819 ChaJa
251 2774 328 2809 und
353 2775 599 2811 Macedomen
632 2788 659 2811 Β·
687 2787 742 2821 ⁰P·
772 2779 828 2812 76·
902 2789 988 2824 dem
1014 2789 1150 2824 Senate
1181 2790 1489 2836 vorzuschlagen.
1539 2791 1649 2828 Diese

129 2834 163 2867 4.
211 2832 531 2869 iurisdictionibus
567 2834 719 2870 bezieht
748 2834 828 2870 sich
901 2835 981 2870 vier
1022 2835 1184 2871 mussten
1233 2838 1450 2884 notwendig
1492 2838 1650 2875 berfick-

82 2878 151 2913 auf
176 2878 236 2915 die
266 2879 543 2917 Prokuratoren
574 2882 664 2917 oder
700 2882 829 2926 prato-
903 2882 1060 2928 sichtigt
1083 2883 1245 2920 werden.
