1794 3126
124 1414 167 1446 15
193 1403 547 1459 interrogavisse,

123 1698 180 1740 62

192 117 281 158 210

626 116 857 153 CORNELII
881 116 1044 152 TACITI
1070 116 1330 152 ANNALIUM

121 235 168 268 15
193 224 309 268 dicta
351 224 523 267 Natalis
569 239 728 281 suaque
770 239 980 280 responsa
1023 226 1220 267 nosceret
1263 225 1510 280 percontari
1551 223 1763 269 Senecam

191 284 374 327 iubetur.
411 284 448 326 is
474 283 587 326 forte
614 299 669 326 an
700 284 886 339 prudens
914 284 967 326 ad
993 299 1090 326 eum
1116 283 1227 325 diem
1254 298 1305 325 ex
1333 281 1571 338 Campania
1595 298 1757 327 remea·

191 345 331 398 verat,
370 345 654 410 quartumque
693 343 805 398 apud
842 342 1030 398 lapidem
1070 342 1318 385 suburbano
1356 357 1455 384 rure
1493 343 1759 387 substiterat.

192 403 268 445 illo
299 402 542 457 propinqua
567 416 747 469 vespera
777 402 975 444 tribunus
1009 402 1130 445 venit
1156 403 1199 443 et
1224 401 1369 443 villam
1404 401 1543 457 globis
1568 402 1761 444 militum

193 461 371 517 saepsit3
408 463 501 502 tum
538 461 621 515 ipsi
652 475 749 503 cum
779 460 985 515 Pompeia
1015 460 1196 502 Paulina
1227 474 1359 502 uxore
1399 462 1442 502 et
1474 460 1622 503 amicis
1654 460 1762 542 duo·

121 530 176 620 {01
193 520 274 562 bus
307 519 501 574 epulanti
532 519 739 561 mandata
770 519 1044 573 imperatoris
1077 519 1222 562 edidit.

313 577 472 620 Seneca
503 579 682 619 missum
708 578 760 620 ad
792 592 837 620 se
862 576 1063 620 Natalem
1096 579 1460 633 conquestumque
1488 578 1662 621 nomine
1687 538 1762 621 Pi-

193 638 310 680 sonis
342 636 456 691 quod
489 651 513 678 a
544 636 722 678 visendo
755 651 804 678 eo
836 636 1156 692 prohiberetur,
1188 651 1317 693 seque
1348 637 1560 679 rationem
1593 638 1758 680 valetu-

193 696 305 738 dinis
344 697 387 737 et
425 709 614 737 amorem
658 695 813 751 quietis
852 695 1124 737 excusavisse
1166 695 1400 750 respondit.

1462 710 1537 738 cur
1573 697 1764 741 salutem

191 754 351 809 privati
387 754 576 796 hominis
608 754 898 796 incolumitati
931 767 1031 796 suae
1064 753 1315 808 anteferret,
1351 769 1524 797 causam
1556 766 1650 798 no!
1682 755 1764 798 ha-

103 861 108 866 ,
145 824 166 856 5
192 814 356 868 buisse3
398 827 476 855 nec
522 813 603 855 sibi
646 814 893 868 promptum
935 813 980 854 in
1021 812 1290 854 adulationes
1331 814 1564 870 ingenium.

1626 814 1755 870 idque

192 872 302 914 nulli
334 872 473 928 magis
506 885 690 928 gnarum
717 877 849 927 'quam
882 870 1065 927 Neroni,
1104 872 1177 927 qui
1209 872 1380 926 saepius
1411 872 1654 915 libertatem
1687 871 1762 915 Se·

191 945 321 973 necae
353 946 480 986 quam
514 931 736 973 servitium
768 933 967 985 expertus
1000 932 1123 973 esset.

1185 930 1259 972 ubi
1296 930 1400 973 haec
1433 945 1458 972 a
1487 931 1659 975 tribuno
1690 946 1756 975 re-

192 990 282 1032 lata
325 992 427 1032 sunt
469 990 671 1045 Poppaea
714 992 758 1032 et
796 990 1014 1045 Tigellino
1058 1003 1219 1044 coram,
1263 989 1377 1045 quod
1421 992 1515 1032 erat
1551 991 1757 1034 saevienti

192 1049 377 1103 principi
419 1049 620 1091 intimum
659 1049 955 1104 consiliorum,
994 1049 1236 1104 interrogat
1273 1063 1328 1090 an
1367 1047 1530 1091 Seneca
1565 1050 1757 1092 volunta-

125 1119 170 1152 10
195 1108 303 1150 riam
335 1109 518 1150 mortem
551 1111 733 1163 pararet.
783 1110 874 1150 tum
907 1108 1106 1150 tribunus
1131 1107 1251 1149 nulla
1281 1108 1453 1162 pavoris
1479 1107 1616 1163 signa,
1646 1107 1759 1151 nihil

195 1167 319 1209 triste
349 1167 395 1208 in
426 1167 567 1209 verbis
593 1168 684 1209 eius
711 1169 786 1209 aut
813 1167 931 1209 vultu
963 1167 1217 1222 deprensum
1244 1167 1526 1209 confirmavit.
1567 1180 1669 1223 ergo
1695 1181 1758 1210 re-

193 1226 314 1281 gredi
345 1228 388 1268 et
418 1226 604 1268 indicere
635 1229 818 1268 mortem
849 1226 1031 1268 iubetur.
1080 1225 1213 1268 tradit
1243 1225 1402 1267 Fabius
1434 1225 1638 1268 Rusticus
1669 1241 1757 1269 non

193 1299 243 1327 eo
276 1300 360 1341 quo
392 1288 572 1327 venerat
603 1285 755 1327 itinere
787 1285 947 1327 redisse
978 1285 1218 1339 tribunum,
1259 1284 1331 1327 sed
1362 1284 1535 1331 ,flexisse
1567 1285 1621 1327 ad
1651 1284 1757 1327 Fae-

192 1343 312 1385 nium
343 1344 625 1398 praefectum,
657 1347 700 1386 et
725 1344 932 1399 expositis
960 1342 1157 1386 Caesaris
1189 1318 1318 1386 iiissis
1351 1358 1408 1385 an
1439 1344 1758 1399 obtemperaret

602 1404 897 1458 monitumque
947 1403 1002 1445 ab
1054 1417 1103 1445 eo
1153 1405 1202 1445 ut
1259 1405 1579 1458 exsequeretur,
1633 1403 1758 1446 fatali

193 1462 384 1504 omnium
417 1461 601 1517 ignavia
641 1477 742 1505 nam
776 1464 819 1504 et
851 1460 1050 1504 Silvanus
1082 1462 1196 1504 inter
1222 1461 1468 1504 coniuratos
1501 1464 1595 1504 erat
1627 1475 1756 1517 auge-

193 1521 352 1576 batque
386 1522 563 1575 scelera,
602 1521 645 1563 111
680 1536 861 1577 quorum
892 1521 1102 1563 ultionem
1135 1523 1422 1563 consenserat.

1485 1520 1580 1563 voci
1610 1523 1756 1563 tamen

194 1582 237 1621 et
268 1580 460 1634 aspectui
496 1580 688 1634 pepercit
724 1580 1044 1635 intromisitque
1076 1579 1129 1621 ad
1162 1578 1366 1621 Senecam
1397 1594 1530 1621 unum
1571 1593 1622 1621 ex
1658 1593 1759 1622 cen-

193 1638 453 1693 turionibus,
485 1639 558 1694 qui
588 1639 889 1681 necessitatem
920 1638 1120 1680 ultimam
1153 1638 1435 1680 denuntiaret.

313 1696 391 1738 Ille
418 1697 639 1739 interritus
666 1698 807 1752 poscit
831 1697 1078 1739 testamenti
1103 1697 1292 1751 tabulas3
1325 1711 1374 1739 ac
1399 1697 1636 1753 denegante
1663 1712 1756 1741 cen-

194 1756 365 1798 turione
404 1770 632 1798 conversus
672 1756 726 1797 ad
763 1757 942 1810 amicos,
986 1755 1156 1811 quando
1200 1755 1367 1797 meritis
1406 1770 1554 1798 eorum
1595 1756 1755 1799 referre

195 1814 381 1870 gratiam
412 1815 721 1869 prohiberetur,
754 1815 867 1870 quod
892 1829 1025 1856 unum
1056 1815 1143 1856 iam
1170 1817 1213 1856 et
1243 1817 1391 1856 tamen
1422 1815 1755 1870 pulcherrimum

193 1873 370 1928 habeat,
401 1874 638 1928 imaginem
670 1874 784 1916 vitae
817 1888 917 1915 suae
949 1873 1189 1928 relinquere
1220 1875 1418 1927 testatur,
1450 1874 1569 1916 cuius
1601 1875 1638 1916 si
1668 1889 1755 1917 me·

147 1943 169 1974 5
195 1947 335 1974 mores
369 1935 524 1988 essent,
555 1934 765 1974 bonarum
797 1933 956 1975 artium
988 1932 1148 1974 famam
1177 1933 1362 1985 fructum
1387 1933 1626 1975 constantis
1653 1933 1755 1976 ami-

195 1991 323 2033 citiae
355 1991 534 2034 laturos.
585 1992 714 2033 simul
744 1992 944 2033 lacrimas
971 2006 1117 2033 eorum
1143 1991 1270 2034 modo
1298 2006 1504 2047 sermone,
1535 1992 1660 2034 modo
1692 1992 1754 2034 111-

194 2051 355 2093 tentior
379 2051 426 2092 in
451 2051 625 2093 modum
651 2051 898 2105 coercentis,
930 2051 984 2092 ad
1008 2051 1317 2092 firmitudinem
1342 2053 1527 2104 revocat,
1558 2051 1755 2107 rogitans

245 2170 299 2201 15.
331 2176 474 2201 noscere
511 2166 590 2210 „als
628 2166 731 2201 wahr
761 2166 939 2201 anei-ken-

194 2224 278 2256 nen,
299 2213 539 2248 einraumen“
559 2213 629 2248 wie
649 2218 681 2257 2,
697 2217 741 2248 28
762 2213 856 2248 statt
874 2214 938 2248 ad-

192 2271 377 2305 ⁴qnoseere,
396 2260 557 2295 welches
577 2263 610 2303 2,
631 2264 676 2295 30
699 2260 807 2294 dafu'r
827 2260 937 2295 steht.

245 2310 298 2342 19.
325 2307 504 2352 Pompeja
530 2307 688 2342 Paulina
711 2307 761 2342 ist
778 2307 940 2342 Tochter

195 2354 260 2390 des
285 2354 484 2399 Pompejus
510 2354 697 2398 Paulinus,
722 2354 787 2389 der
814 2358 869 2397 13,
894 2358 938 2389 53

194 2402 249 2437 als
285 2400 554 2437 Befehlshaber
595 2412 655 2436 am
693 2401 939 2436 Niederrhein

194 2449 270 2483 und
286 2452 341 2492 15,
358 2452 400 2483 18
424 2449 479 2484 als
494 2447 596 2484 einer
615 2448 680 2483 der
697 2446 778 2483 drei
792 2448 939 2483 Steuer—

195 2495 407 2531 direktoren
434 2497 599 2541 genannt
622 2495 725 2531 wird.

242 2589 306 2625 61.
346 2593 377 2624 3.
415 2600 586 2625 eoecusare
629 2589 706 2634 „als
743 2588 939 2623 Entschul-

195 2636 340 2681 digung
364 2636 569 2672 anfiihren“
596 2637 692 2671 311011
718 2640 751 2680 3,
779 2640 832 2670 11.
860 2639 893 2677 5,
917 2639 937 2670 2

194 2684 270 2718 1111(1
302 2683 415 2718 sehon
448 2683 510 2719 bei
540 2664 766 2719 Klassikeni.
794 2703 837 2708 --
869 2682 941 2717 Mit

194 2730 266 2765 den
296 2729 497 2775 folgenden
528 2731 682 2766 Worten
713 2741 778 2765 cur
809 2749 855 2755 —-
883 2730 939 2764 in-

193 2778 341 2821 yenium
351 2743 574 2813 gbestreitet
606 2788 645 2812 er
682 2777 741 2812 die
772 2776 939 2812 Insinua-

197 2823 288 2867 tion,
315 2822 394 2858 dass
420 2835 459 2859 er
483 2826 618 2870 gesagt
642 2825 756 2860 habe:
787 2824 939 2859 salutem

196 2881 302 2906 suam
327 2871 575 2907 incolumitate
600 2871 746 2907 Pisonis
770 2871 895 2907 inniti.

1062 2170 1116 2202 12.
1149 2159 1249 2201 Uber
1280 2166 1350 2201 den
1382 2166 1591 2202 Historiker
1618 2166 1756 2202 Fabius

1010 2213 1185 2248 Rusticus
1210 2225 1237 2249 s.
1263 2225 1308 2248 zu
1335 2217 1390 2258 13,
1416 2217 1471 2248 20.

1062 2265 1116 2295 17.
1141 2261 1222 2296 voci
1246 2263 1365 2296 tamen
1390 2262 1454 2296 ctt.
1499 2260 1643 2306 ,jedoch
1674 2270 1755 2296 ver-

1012 2307 1111 2342 mied
1137 2318 1177 2342 er
1202 2319 1257 2351 es,
1289 2307 1355 2342 11111
1386 2320 1430 2342 zu
1461 2273 1574 2343 sellen
1606 2308 1680 2343 und
1709 2319 1756 2343 zu

1013 2354 1228 2400 sprechen‘fi
1282 2346 1444 2389 lihnlich
1483 2359 1538 2399 12,
1576 2358 1622 2390 47
1658 2355 1756 2390 visui

1011 2405 1131 2437 tamen
1144 2402 1327 2437 consuluit
1339 2413 1383 2436 ne
1396 2413 1456 2437 cor
1458 2413 1516 2437 am
1529 2383 1755 2446 ²interficeret

1060 2495 1123 2532 62.
1157 2500 1187 2531 1.
1213 2495 1282 2530 Β10
1307 2494 1758 2541 Testamentserrichtung

1012 2541 1105 2577 wird
1131 2543 1186 2577 als
1211 2542 1432 2587 siberfii'issig
1455 2542 1678 2586 verhindert‚
1705 2542 1754 2577 da

1011 2589 1071 2624 die
1090 2589 1347 2625 Konfiskation
1372 2589 1436 2625 des
1458 2589 1683 2635 Vermssgens
1708 2601 1753 2625 zu

1013 2637 1194 2672 erwarten
1232 2637 1342 2672 steht.
1389 2657 1429 2662 —
1472 2637 1667 2681 denegante
1702 2636 1754 2671 ist

1012 2684 1227 2728 aofistisch,
1253 2683 1322 2718 wie
1350 2687 1404 2728 11,
1430 2686 1474 2718 35
1496 2686 1753 2728 praemonente

1011 2730 1198 2767 Narcisso.
1228 2735 1281 2775 12,
1308 2734 1352 2766 69
1377 2733 1538 2766 monente
1555 2730 1750 2775 praefecto.

1013 2781 1068 2821 14,
1094 2781 1139 2813 28
1165 2778 1430 2813 accusantibus.
1471 2780 1526 2821 16,
1555 2775 1608 2811 10’.

1060 2828 1091 2860 5.
1134 2825 1296 2868 fructum
1338 2824 1388 2859 ist
1430 2823 1638 2868 Konjektur
1679 2835 1753 2860 von

1011 2872 1121 2907 Halm
1149 2873 1241 2907 statt
1266 2871 1330 2906 des
1354 2869 1614 2906 handschriftl.
1639 2873 1690 2906 tc't.
