1820 3100
232 102 289 145 30
429 102 658 139 CORNELII
683 101 846 138 TACITI
869 101 1130 138 ANNALIUM
1154 101 1299 137 LIBER
1322 102 1385 139 XI.
1412 101 1514 139 CAP.
1541 105 1597 138 38.

160 223 216 266 38
351 209 470 251 Tunc
488 210 674 265 primum
692 210 912 252 fortunam
932 224 1055 251 suam
1073 209 1333 264 introspexit
1353 209 1598 264 ferrumque
1618 209 1796 265 accepit,

233 269 347 324 quod
383 268 547 311 frustra
583 269 731 324 iugulo
771 271 846 311 aut
881 268 1044 324 pectori
1079 283 1157 323 per
1193 268 1524 322 trepidationem
1561 267 1799 312 admovens

231 328 320 370 ictu
350 327 514 369 tribuni
544 327 811 383 transigitur.
868 341 1021 382 corpus
1052 327 1181 369 matri
1213 341 1476 369 concessum.
1528 327 1797 370 nuntiatum-

233 401 315 441 que
342 384 522 428 Claudio
549 386 741 440 epulanti
771 386 934 440 perisse
959 385 1249 440 Messalinam,
1279 400 1369 427 non
1401 385 1603 427 distincto
1636 400 1714 428 sua
1737 399 1795 428 an

187 470 208 501 5
235 446 376 487 aliena
407 459 550 486 manu.
599 459 677 486 nec
707 444 780 486 ille
810 444 1036 499 quaesivit,
1066 445 1348 499 poposcitque
1373 444 1573 499 poculum
1598 446 1642 486 et
1667 444 1796 487 solita

235 504 433 547 convivio
460 503 703 545 celebravit.
751 517 806 544 ne
833 503 988 545 secutis
1020 503 1192 558 quidem
1225 503 1374 545 diebus
1400 502 1487 546 odii
1518 503 1676 558 gaudii,
1706 503 1800 562 irae

230 562 446 617 tristitiae,
476 561 605 604 ullius
632 561 814 616 denique
844 561 1023 603 humani
1048 562 1241 604 adfectus
1268 563 1395 616 signa
1426 561 1554 615 dedit,
1584 576 1675 603 non
1699 576 1796 604 cum

230 622 442 663 laetantes
474 622 743 662 accusatores
776 620 1002 674 aspiceret,
1039 634 1128 663 non
1159 635 1257 663 cum
1287 620 1400 662 filios
1433 622 1686 662 maerentes.
1734 619 1802 662 iu-

233 680 379 734 vitque
412 678 673 720 oblivionem
705 678 796 720 eius
824 681 998 720 senatus
1024 679 1236 721 censendo
1260 693 1418 722 nomen
1442 681 1485 721 et
1515 678 1681 734 effigies
1711 678 1807 734 pri·-

165 752 209 783 10
235 738 349 780 vatis
376 751 424 779 ac
449 736 634 792 publicis
660 737 768 779 locis
795 737 1092 780 demovendas.
1128 738 1297 779 decreta
1320 736 1525 780 Narcisso
1551 737 1798 793 quaestoria

234 796 441 851 insignia,
484 795 750 838 levissimum
792 795 967 838 fastidio
1013 796 1121 851 eius,
1165 811 1263 839 cum
1304 810 1433 851 supra
1469 795 1711 839 Pallantem
1754 798 1799 838 et

236 853 466 897 Callistum
510 856 669 909 ageret.
728 854 929 907 [honesta
973 854 1162 910 quidem,
1212 854 1284 896 sed
1328 869 1379 896 ex
1423 855 1518 910 quis
1569 854 1799 897 deterrima

235 916 460 956 orerentur
489 913 680 955 tristitiis
711 913 893 966 multis]

283 1040 347 1076 38.
377 1045 407 1077 1.
433 1040 662 1085 introspexit.
693 1039 766 1076 Cic.
788 1051 855 1086 pro
879 1041 984 1076 Sulla.
1055 1040 1360 1085 „Geschwister“.
1403 1040 1475 1075 Mit
1501 1039 1695 1076 'ahnlicher
1718 1039 1800 1084 Syl·

237 1091 281 1123 27
305 1087 499 1132 perspicite
529 1088 637 1123 etiam
667 1091 774 1133 atque
804 1089 913 1124 etiam
936 1108 983 1114 -
1054 1087 1168 1133 lepsis
1204 1088 1409 1133 gebraucht
1444 1087 1596 1123 Tacitus
1630 1087 1805 1133 privigni

234 1135 381 1180 penitus
405 1134 633 1180 introspicite
653 1134 837 1171 Catilinae
861 1156 908 1162 —
932 1146 982 1172 ce·
1055 1135 1131 1170 und
1152 1139 1376 1181 pronepotes.

237 1186 462 1227 terornmque
486 1184 626 1218 mentes,
1104 1185 1159 1217 11.
1173 1182 1326 1227 fastidio
1339 1183 1426 1218 eius.
1450 1181 1526 1217 Ffir
1539 1182 1665 1218 seinen
1675 1180 1799 1217 Hoch-

285 1233 318 1264 2.
344 1233 411 1264 aut
435 1229 528 1264 statt
551 1229 656 1264 modo
679 1250 727 1255 —
750 1230 864 1266 modo.
897 1229 981 1275 Vgl.
1054 1230 1146 1274 mut,
1173 1229 1238 1265 der
1262 1229 1368 1265 mehr
1393 1229 1601 1274 verlangte,
1633 1239 1711 1264 war
1733 1228 1801 1264 das

237 1288 281 1311 zu
302 1280 334 1320 1,
356 1280 399 1311 16
425 1276 467 1311 ob
492 1276 676 1312 iustitium
700 1279 766 1311 aut
793 1277 982 1322 qaudium.
1056 1277 1137 1312 eine
1162 1287 1258 1322 ganz
1283 1276 1567 1312 unbedeutende
1591 1275 1701 1312 Ehre.

285 1327 317 1358 3.
338 1324 539 1369 transiyere
558 1324 652 1358 statt
670 1324 893 1369 transfigere,
912 1322 984 1359 wie
1104 1327 1160 1358 12.
1188 1323 1257 1358 Die
1275 1324 1418 1359 letzten
1435 1324 1566 1359 Worte
1590 1324 1739 1360 honesta
1753 1342 1801 1349 —

238 1374 270 1413 2,
299 1373 343 1405 68
375 1371 500 1416 91αᾶίο
531 1381 611 1406 eum
640 1371 824 1416 transiqit.
877 1374 932 1416 14,
962 1375 982 1406 9
1055 1371 1179 1407 multis
1222 1370 1397 1406 scheinen
1439 1370 1500 1406 ein
1543 1370 1714 1406 Glossem
1755 1381 1801 1405 zu

237 1418 315 1462 ipse
339 1417 438 1461 ferro
462 1427 498 1453 se
523 1418 708 1463 transegit.
741 1418 789 1454 So
816 1419 892 1453 eret
915 1417 986 1454 seit
1056 1417 1150 1462 sein,
1201 1417 1331 1453 womit
1374 1417 1529 1464 jemand
1571 1416 1802 1453 ausdruoken

236 1464 366 1500 Livius
390 1464 467 1499 und
491 1465 692 1500 Phaedrus.
1055 1465 1200 1509 wollte,
1239 1464 1321 1500 dass
1360 1464 1421 1500 die
1458 1464 1700 1510 Beseitigung
1734 1464 1804 1500 der

286 1515 319 1547 4.
346 1512 517 1547 distincto
541 1511 592 1547 ist
617 1512 671 1546 als
697 1511 889 1547 absoluter
907 1512 983 1547 Ab·
1056 1511 1260 1547 Messalina
1277 1512 1354 1547 und
1371 1512 1472 1546 ihrer
1483 1513 1686 1556 Anhanger
1702 1521 1804 1546 zwar

238 1557 333 1593 lativ
358 1554 423 1592 ἅπ.
451 1557 517 1602 sio.
1055 1558 1214 1604 ltblich,
1247 1559 1337 1594 aber
1360 1558 1400 1593 in
1423 1558 1531 1594 ihren
1554 1557 1696 1612 Ig'olgen
1720 1569 1801 1594 ver-

286 1608 319 1640 8.
346 1605 458 1648 filios,
487 1604 654 1640 namlich
684 1605 756 1639 den
783 1604 884 1640 Sohn
908 1605 984 1640 und
1055 1605 1296 1651 h’angnisvoll
1314 1616 1402 1649 war,
1422 1605 1470 1641 da
1483 1605 1693 1651 Agrippina
1710 1603 1802 1640 bald

240 1651 299 1687 die
338 1651 516 1695 Tochter,
560 1652 639 1687 also
684 1651 768 1696 „die
809 1651 983 1697 Kinder“‚
1056 1652 1193 1688 darauf
1227 1652 1286 1688 die
1319 1651 1518 1688 Gemahlin
1555 1652 1620 1688 des
1651 1650 1804 1688 Kaisers

239 1699 310 1733 wie
335 1697 422 1734 hist.
451 1702 481 1742 1,
510 1702 554 1734 63
578 1699 705 1735 stratis
732 1710 800 1743 per
824 1700 904 1734 vias
934 1699 984 1743 fe·
1056 1699 1172 1735 ward.

239 1746 349 1781 minis
368 1746 573 1791 puerisque.
611 1757 695 1782 ann.
724 1750 780 1792 12,
805 1749 828 1781 4
852 1746 986 1790 fratres
