1786 3120
126 353 166 385 15

119 577 173 619 41

142 821 163 852 5

120 1114 164 1146 10

118 1407 160 1439 15

117 1701 161 1733 20

197 119 279 161 108
626 119 854 156 CORNELII
879 119 1038 156 TACITI
1064 120 1322 157 ANNALIUM

192 226 343 282 visset,
373 226 515 269 fronte
548 228 675 269 simul
706 230 749 270 et
781 228 878 270 sinu
912 229 1185 283 exciperetur.
1247 228 1464 270 adsultare
1502 242 1554 270 ex
1585 228 1752 272 diverso

193 284 422 340 Tiridates,
459 301 548 328 non
587 301 722 342 usque
761 287 813 328 ad
850 287 982 329 ictum
1019 287 1113 341 teli,
1153 286 1227 329 sed
1264 289 1356 328 tum
1393 287 1614 343 minitans,
1659 289 1753 330 tum

194 344 335 399 speeie
367 345 635 399 trepidantis,
668 345 704 386 si
735 345 879 387 laxare
905 346 1074 387 ordines
1101 348 1143 387 et
1174 345 1365 388 diversos
1391 346 1627 388 consectari
1654 360 1753 401 pos-

193 406 268 444 set.
323 403 398 444 ubi
427 403 535 445 nihil
572 403 816 445 temeritate
849 404 1038 446 solutum
1075 418 1152 446 nec
1193 404 1377 458 amplius
1418 418 1548 459 quam
1579 404 1755 447 decurio

192 461 384 515 equitum
405 461 628 503 audentius
654 475 908 516 progressus
935 464 978 504 et
1003 463 1178 518 sagittis
1204 463 1394 505 confixus
1420 465 1585 505 ceteros
1605 463 1659 505 ad
1679 463 1752 505 ob-

193 519 387 574 sequium
413 521 606 574 exemplo
638 520 895 574 firmaverat,
926 522 1175 576 propinquis
1201 522 1288 563 iam
1314 521 1503 563 tenebris
1530 522 1751 564 abscessit.

308 578 368 619 Et
399 577 584 620 Corbulo
617 580 759 620 castra
788 579 833 619 in
869 579 964 621 loco
996 581 1199 635 metatus,
1238 595 1292 621 an
1324 579 1533 634 expeditis
1570 580 1752 635 legioni-

190 637 270 678 bus
307 639 434 678 nocte
466 635 678 678 Artaxata
714 639 913 692 pergeret
953 637 1205 693 obsidioque
1244 638 1527 680 circumdaret
1558 639 1752 693 agitavit,

191 695 456 736 concessisse
488 695 590 737 illuc
621 695 844 737 Tiridaten
874 698 1004 738 ratus.
1066 697 1165 738 dein
1195 699 1423 752 postquam
1456 697 1752 752 exploratores

190 753 373 794 attulere
414 753 699 809 longinquum
730 754 844 810 regis
881 754 963 795 iter
1001 756 1045 796 et
1075 754 1190 796 Medi
1221 769 1276 796 an
1307 755 1469 798 Albani
1506 758 1752 811 peterentur

189 811 412 866 incertum,
443 813 582 854 lucem
615 813 853 868 opperitur,
885 813 1204 868 praemissaque
1235 813 1343 856 levis
1376 817 1610 869 armatura,
1643 829 1751 870 quae

189 885 336 913 muros
386 871 559 913 interim
605 871 788 913 ambiret
832 872 1280 927 oppugnationemque
1325 873 1488 914 eminus
1532 873 1750 928 inciperet.

190 929 264 970 sed
296 929 502 984 oppidani
533 931 670 984 portis
704 933 857 985 sponte
889 930 1115 984 patefactis
1148 945 1192 972 se
1226 945 1386 985 suaque
1417 931 1624 974 Romanis
1655 946 1749 987 per-

188 988 359 1042 misere,
399 989 511 1042 quod
545 989 723 1030 salutem
754 989 859 1044 ipsis
891 989 1010 1031 tulit:
1043 989 1263 1031 Artaxatis
1300 989 1413 1044 ignis
1445 989 1647 1032 inmissus
1679 990 1749 1032 de-

188 1046 357 1101 letaque
397 1049 439 1088 et
476 1048 568 1090 solo
611 1050 793 1102 aequata
832 1050 950 1103 sunt,
991 1048 1090 1103 quia
1132 1062 1210 1090 nec
1253 1048 1389 1089 teneri
1425 1051 1619 1102 poterant
1660 1049 1750 1090 sine

189 1105 332 1147 valido
351 1106 567 1160 praesidio
589 1106 642 1147 ob
664 1107 1007 1162 magnitudinem
1032 1107 1249 1148 moenium
1274 1121 1354 1148 nec
1381 1106 1425 1148 id
1450 1106 1576 1148 nobis
1595 1106 1750 1149 virium

190 1165 299 1217 erat,
331 1164 444 1219 quod
475 1165 685 1206 firmando
717 1165 930 1219 praesidio
963 1168 1007 1207 et
1038 1165 1299 1219 capessendo
1333 1165 1449 1207 bello
1482 1165 1752 1218 divideretur,

189 1223 257 1263 vel
289 1222 325 1263 si
357 1223 529 1278 integra
560 1225 603 1265 et
632 1224 894 1266 incustodita
925 1224 1284 1279 relinquerentur,
1320 1224 1441 1265 nulla
1476 1223 1521 1265 in
1553 1238 1603 1266 eo
1635 1223 1750 1266 utili-

188 1283 256 1322 tas
295 1283 371 1323 aut
413 1282 553 1336 gloria
596 1283 709 1336 quod
747 1285 874 1337 capta
911 1285 1065 1325 essent.
1126 1282 1308 1324 adicitur
1343 1282 1598 1324 miraculum
1634 1283 1752 1325 velut

187 1340 364 1382 numine
397 1341 608 1382 oblatum:
648 1355 750 1382 nam
782 1345 937 1383 cuncta
970 1343 1108 1394 [extra
1138 1341 1282 1393 tectis]
1321 1341 1530 1382 hactenus
1567 1341 1656 1383 sole
1687 1341 1750 1383 in-

186 1398 339 1440 lustria
369 1399 506 1454 fuere3
538 1400 651 1455 quod
677 1401 900 1442 moenibus
926 1401 1197 1455 cingebatur,
1228 1402 1403 1454 repente
1429 1400 1491 1441 ita
1516 1401 1611 1441 atra
1634 1400 1750 1442 nube
1783 1413 1786 1417 ¹

189 1459 438 1511 coopertum
470 1458 797 1513 fulgoribusque
829 1459 1059 1501 discretum
1086 1461 1170 1514 est,
1200 1460 1248 1500 ut
1280 1458 1404 1513 quasi
1434 1457 1750 1500 infensantibus

188 1515 278 1557 deis
321 1516 449 1558 exitio
487 1517 601 1559 tradi
639 1518 892 1559 crederetur.
949 1519 1002 1559 ob
1042 1518 1147 1559 haec
1186 1517 1479 1559 consalutatus
1518 1517 1751 1571 imperator

186 1573 324 1629 Nero,
363 1577 405 1616 et
443 1578 618 1617 senatus
657 1576 852 1618 consulto
891 1576 1226 1630 supplicationes
1263 1575 1454 1629 habitae,
1499 1577 1750 1630 statuaeque

188 1634 231 1674 et
270 1647 393 1675 arcus
432 1636 475 1675 et
511 1634 703 1676 continui
747 1635 995 1676 consulatus
1039 1634 1240 1688 principi,
1285 1635 1415 1688 utque
1458 1633 1570 1675 int'er
1612 1633 1748 1675 festos

187 1691 418 1733 referretur
449 1692 558 1746 dies,
596 1707 680 1747 quo
711 1695 884 1747 patrata
915 1693 1114 1748 victoria,
1153 1707 1237 1748 quo
1268 1692 1488 1745 nuntiata,
1526 1706 1609 1746 quo
1642 1692 1748 1734 rela-

187 1752 279 1791 tum
311 1750 362 1791 de
395 1765 444 1792 ea
473 1753 596 1804 esset,
629 1751 797 1806 aliaque
822 1752 870 1793 in
895 1752 1074 1793 eandem
1098 1751 1284 1793 formam
1316 1750 1612 1805 decernuntur,
1643 1751 1748 1794 adeo

236 1879 290 1911 13.
323 1877 410 1911 sinu
440 1877 659 1912 bezeichnet
695 1877 756 1913 die
794 1878 869 1923 bog
871 1889 933 1913 en-

185 1922 344 1968 formige
387 1924 643 1970 Ausdehnung
691 1924 756 1959 des
804 1925 934 1960 linken

185 1969 348 2015 Fliigels.

237 2020 291 2052 16.
317 2027 383 2052 nec
414 2018 572 2062 amplius
602 2029 711 2062 quam
748 2019 847 2063 „und
877 2019 933 2054 als

186 2064 311 2099 niehts
349 2064 479 2099 weiter
516 2064 726 2110 geschehen
764 2077 850 2110 war,
876 2066 932 2101 als

184 2110 301 2146 dafs‘fl
342 2102 459 2146 Ahnli
447 2112 507 2147 ch
545 2111 595 2147 ist
631 2112 690 2147 die
721 2111 863 2157 Ellipse
893 2112 933 2147 in

185 2160 312 2202 15,13
345 2169 409 2193 nec
434 2159 539 2194 aliud
571 2170 680 2204 quam
707 2160 933 2195 munimenta

179 2205 482 2249 propuynabant,
507 2216 565 2240 wo
582 2205 719 2250 jedoch
740 2206 800 2241 ein
816 2205 932 2242 Aktiv

185 2251 396 2294 (faciebant,
416 2252 586 2296 ayebant)
606 2264 650 2287 zu
670 2257 852 2298 erganzen
871 2253 930 2288 ist.

234 2344 297 2380 41.
327 2349 435 2380 Lan
465 2345 584 2390 hangt
608 2356 681 2381 von
707 2346 848 2391 aqitare
871 2347 931 2392 ab,

189 2391 258 2426 wie
285 2402 323 2427 es
348 2391 499 2427 Tacitus
526 2393 621 2427 setzt
651 2393 713 2428 bei
743 2393 816 2428 den
839 2374 933 2428 Aus-

187 2438 353 2474 dn'ieken
373 2438 437 2474 des
450 2430 696 2485 Uberlegens:
717 2441 931 2484 consultare,

185 2486 385 2529 consulere,
410 2486 590 2522 dubitare.

233 2536 265 2567 4.
292 2533 410 2568 Unter
428 2532 578 2568 Medien
596 2533 646 2568 ist
670 2533 709 2568 in
734 2533 797 2568 der
820 2534 930 2569 161111-

188 2580 301 2614 seben
332 2579 414 2615 Zeit
443 2591 513 2614 nur
549 2580 615 2615 der
644 2579 931 2616 nordwestliehe

186 2625 269 2661 Teil
318 2626 383 2661 des
426 2627 529 2662 alten
570 2626 843 2663 Mederreiches
887 2640 931 2662 zu

185 2674 399 2717 verstehen,
448 2673 545 2709 auch
590 2674 819 2719 Atropatene
867 2686 930 2720 ge-

185 2721 303 2755 nannt
319 2720 415 2755 nach
436 2720 521 2755 dem
533 2721 806 2756 Perserffirsten
822 2721 931 2756 Atro-

185 2767 310 2811 pates,
349 2766 414 2802 der
451 2778 489 2802 es
526 2778 601 2803 von
632 2767 842 2803 Alexander
873 2768 929 2803 als

187 2812 358 2857 Satrapie
393 2814 561 2849 erhalten
598 2815 714 2852 hatte.
765 2814 930 2850 Seitdem

185 2869 263 2894 war
300 2870 337 2894 es
376 2860 456 2895 eine
500 2860 664 2897 erbliche
701 2861 927 2907 Monarchie,

1005 1877 1108 1913 ward
1141 1876 1280 1923 Jedoch
1316 1877 1427 1911 unter
1456 1876 1596 1922 Trajan
1626 1877 1748 1932 einige

1005 1925 1116 1959 Jahre
1141 1890 1447 1969 tributpflichtig.
1481 1944 1525 1950 —-
1558 1914 1657 1959 Uber
1688 1923 1749 1960 die

1004 1970 1142 2007 Albani
1166 1983 1193 2006 s.
1221 1983 1264 2005 zu
1290 1974 1347 2015 12,
1371 1973 1429 2006 45.

1053 2022 1085 2054 6.
1107 2018 1242 2053 ambire
1261 2017 1519 2063 „umzingeln“
1539 2017 1636 2053 auch
1656 2021 1688 2062 1,
1703 2021 1748 2054 68

1004 2069 1047 2100 ut
1069 2065 1208 2100 vallum
1232 2065 1345 2100 armis
1370 2065 1557 2101 ambirent.
1599 2063 1648 2100 So
1673 2066 1750 2100 erst

1004 2111 1057 2147 im
1095 2112 1280 2148 silbernen
1316 2111 1466 2155 Latein3
1503 2111 1543 2146 in
1581 2111 1646 2147 der
1679 2111 1748 2147 Be-

1004 2159 1172 2204 deutung
1198 2157 1302 2204 „sich
1321 2158 1642 2204 herumbewegen,
1667 2169 1747 2193 um-

1003 2206 1173 2241 kreisen“
1206 2205 1323 2241 sehon
1354 2205 1492 2240 einmal
1520 2204 1583 2240 bei
1606 2204 1745 2241 Cicero.

1054 2257 1109 2288 12.
1134 2254 1189 2288 vel
1212 2253 1305 2288 statt
1329 2254 1406 2295 aut,
1431 2251 1501 2287 wie
1523 2255 1577 2296 14,
1597 2254 1642 2287 35
1666 2252 1746 2287 vin·

1004 2301 1154 2335 cendum
1185 2300 1239 2334 vel
1270 2299 1479 2334 cadendum.
1522 2298 1610 2335 hist.
1642 2302 1674 2343 1,
1699 2301 1744 2333 21

1004 2348 1182 2392 obliuione
1205 2346 1260 2381 vel
1288 2346 1419 2391 yzoria.
1456 2346 1511 2381 Ist
1539 2344 1746 2381 taciteisch.

1006 2415 1049 2419 —
1075 2385 1175 2429 Uber
1201 2393 1272 2428 den
1291 2392 1487 2428 Gebrauch
1512 2392 1576 2428 des
1594 2391 1743 2428 unklas-

1005 2440 1151 2476 sischen
1174 2440 1420 2475 incustoditus
1443 2452 1469 2475 s.
1495 2451 1539 2474 zu
1565 2441 1620 2484 12,
1646 2442 1679 2474 4.

1054 2491 1108 2523 14.
1141 2491 1246 2523 extra
1275 2487 1376 2522 tectis
1409 2485 1552 2522 scheint
1588 2485 1648 2521 ein
1682 2486 1750 2521 auf

1002 2532 1320 2570 Missverst'andnis
1329 2531 1558 2569 beruhendes
1566 2531 1744 2570 Glossem.

1004 2603 1047 2607 —
1074 2582 1246 2617 haetenus
1264 2591 1338 2616 von
1359 2580 1425 2615 der
1442 2578 1747 2624 Vergangenheit

1004 2628 1083 2673 „bis
1111 2627 1248 2663 dahin“
1274 2627 1370 2662 auch
1394 2626 1463 2671 Kp.
1488 2628 1545 2661 47.
1578 2625 1666 2671 Agr.
1688 2630 1742 2662 10.

1004 2655 1051 2711 ²S'o
1084 2675 1205 2710 zuerst
1234 2674 1297 2710 bei
1328 2672 1443 2716 Ovid,
1481 2672 1580 2707 daun
1605 2672 1683 2708 Liv.
1710 2677 1745 2718 ’1,

1003 2726 1047 2758 26
1084 2723 1256 2758 haetenus
1290 2720 1430 2766 quietae
1457 2719 1638 2764 utrimque
1668 2723 1744 2756 sta-

1001 2770 1116 2805 tiones
1139 2770 1250 2812 fuere.

1050 2820 1105 2852 16.
1149 2816 1340 2851 discretum
1391 2811 1647 2848 durchkreuzt.
1698 2833 1744 2839 —

1002 2854 1101 2898 Uber
1125 2862 1310 2905 infensare
1334 2871 1362 2895 s.
1388 2870 1432 2893 zu
1458 2858 1527 2905 Kp.
1553 2863 1609 2896 37.
