1794 3126
575 119 723 154 LIBER
745 117 824 155 XV.
858 117 961 153 CAP.
988 121 1071 153 54-
1084 120 1140 152 57.
1556 114 1642 158 207

190 228 313 284 Ergo
341 228 502 270 accitur
528 226 713 282 Natalis,
745 227 788 268 et
819 224 978 267 diversi
1006 222 1343 278 interrogantur,
1375 225 1574 279 quisnam
1605 224 1643 266 is
1657 223 1716 266 56

75 302 235 342 sermo,
267 302 352 343 qua
385 286 437 330 de
467 301 514 329 re
544 286 710 328 fuisset.
758 287 854 327 tum
885 285 1035 325 exorta
1061 282 1262 337 suspicio,
1294 282 1396 338 quia
1425 296 1515 324 non
1547 297 1645 325 con·

74 347 275 404 gruentia
299 345 622 401 responderant,
646 343 868 398 inditaque
894 342 1047 384 vincla.
1091 343 1134 383 et
1158 343 1476 384 tormentorum
1502 355 1646 396 aspec-

72 406 167 448 tum
200 420 250 448 ae
283 405 424 447 minas
456 418 546 446 non
577 403 732 457 tulere3
763 401 884 457 prior
914 403 1061 444 tamen
1091 399 1276 456 Natalis,
1306 401 1442 444 totius
1475 399 1646 455 conspi-

73 465 256 507 rationis
287 464 428 520 magis
460 477 636 519 gnane,
668 461 798 503 simul
830 460 1039 517 arguendi
1069 460 1260 515 peritior,
1292 459 1343 501 de
1371 459 1530 502 Pisone
1562 459 1644 513 pri-
1671 470 1693 500 5

74 539 192 566 mum
216 523 391 578 fatetur,
417 521 569 564 deinde
597 520 729 563 adicit
747 520 975 562 Annaeum
995 518 1213 574 Senecam,
1238 519 1328 561 sive
1353 518 1644 560 internuntius

73 584 186 625 inter
221 597 319 624 eum
355 581 642 636 Pisonemque
678 579 766 622 fuit
803 579 892 621 sive
929 580 979 620 ut
1014 577 1201 621 Neronis
1240 578 1424 633 gratiam
1460 580 1645 633 pararet,

74 643 147 698 qui
184 641 379 683 infensus
412 639 597 682 Senecae
630 653 780 681 omnes
812 638 865 680 ad
904 652 1002 680 eum
1040 637 1368 692 opprimendum
1400 638 1515 679 artes
1547 650 1646 679 con-

74 700 283 756 quirebat.
338 702 431 741 tum
470 698 643 754 cognito
674 697 848 741 Natalis
886 697 1043 739 indicio
1076 694 1307 738 Scaevinus
1346 710 1514 751 quoque
1548 695 1646 750 pari

73 759 357 803 inbecillitate
383 773 439 800 an
465 759 617 800 cuncta
648 757 736 799 iam
768 756 987 812 patefacta
1011 755 1190 798 credens
1216 769 1295 798 nec
1319 755 1455 796 ullum
1482 754 1646 796 silentii
1673 765 1717 796 10

74 818 431 872 emolumentum,
469 816 601 859 edidit
633 818 810 859 ceteros
868 830 918 857 ex
950 814 1104 870 quibus
1135 813 1335 857 Lucanus
1368 813 1646 863 Quintianus—

75 892 158 934 que
184 879 228 919 et
252 875 429 919 Senecio
455 876 527 917 diu
554 876 762 930 abnuere3
793 876 894 930 post
924 874 1138 928 promissa
1169 873 1413 928 inpunitate
1439 873 1646 927 corrupti,

74 951 160 992 quo
202 936 452 978 tarditatem
498 936 769 988 excusarent,
812 933 1009 976 Lucanus
1054 931 1240 975 Aciliam
1285 934 1467 974 matrem
1511 945 1646 986 suam,

75 995 339 1046 Quintianus
372 994 555 1037 Glitium
587 992 779 1047 Gallum,
811 991 990 1035 Senecio
1022 990 1216 1033 Annium
1247 991 1509 1046 Pollionem,
1541 990 1646 1032 ami-

75 1069 223 1097 corum
254 1053 531 1109 praecipuOS,
561 1052 851 1095 nominavere.
1674 1059 1718 1091 15

196 1113 340 1169 Atque
383 1112 558 1154 interim
601 1110 719 1153 Nero
763 1110 1011 1153 recordatus
1056 1108 1227 1152 Volusii
1269 1109 1444 1152 Proculi
1486 1108 1646 1151 indicio
1660 1108 1715 1151 57

75 1172 326 1228 Epicharim
358 1171 532 1213 attineri
563 1173 769 1226 ratusque
794 1169 1003 1211 muliebre
1032 1183 1187 1224 corpus
1218 1169 1360 1223 impar
1391 1168 1530 1210 dolori
1559 1170 1648 1210 tor-

75 1232 233 1275 mentis
264 1230 494 1273 dilacerari
524 1230 655 1272 iubet.
706 1231 749 1271 et
779 1229 899 1271 illam
929 1243 1019 1271 non
1049 1228 1241 1283 verbera,
1270 1242 1361 1270 non
1391 1227 1528 1283 ignes,
1558 1241 1647 1269 non

75 1291 141 1333 ira
165 1305 215 1333 eo
246 1290 385 1332 acrius
410 1290 718 1345 torquentium,
749 1303 802 1330 ne
829 1303 855 1330 a
884 1287 1047 1329 femina
1078 1289 1396 1342 spernerentur,
1429 1286 1647 1341 pervicere

77 1350 181 1406 quin
207 1349 377 1393 obiecta
401 1348 647 1404 denegaret.
680 1348 740 1390 sic
765 1347 930 1402 primus
957 1346 1224 1402 quaestionis
1251 1346 1340 1388 dies
1360 1347 1646 1400 contemptus.
1673 1354 1694 1386 5

76 1411 254 1465 postero
280 1423 377 1451 cum
404 1408 457 1450 ad
483 1407 654 1450 eosdem
680 1407 895 1449 cruciatus
924 1405 1217 1448 retraheretur
1249 1405 1489 1461 gestamine
1516 1404 1646 1446 sellae

77 1467 200 1525 (nam
243 1467 463 1510 dissolutis
507 1467 710 1508 membris
754 1466 954 1508 insistere
997 1462 1248 1521 nequibat),
1288 1465 1430 1507 vinclo
1474 1463 1648 1517 fasciae,

78 1541 226 1583 quam-
249 1526 415 1582 pectori
459 1526 719 1580 detraxerat,
759 1526 806 1567 in
843 1525 1018 1567 modum
1055 1524 1199 1579 laquei
1237 1524 1291 1566 ad
1330 1538 1476 1565 arcum
1518 1523 1648 1565 sellae

77 1586 274 1628 restricto
312 1585 471 1627 indidit
508 1585 717 1628 cervicem
755 1586 798 1626 et
833 1583 1028 1639 corporis
1065 1583 1253 1638 pondere
1292 1583 1439 1626 conisa
1475 1584 1648 1624 tenuem

78 1646 166 1688 iam
204 1645 403 1700 spiritum
445 1645 674 1699 expressit,
718 1643 898 1686 clariore
936 1642 1131 1697 exemplo
1170 1642 1376 1684 libertina
1412 1641 1566 1683 mulier
1603 1641 1650 1682 in
1678 1651 1721 1682 10

78 1707 204 1747 tanta
227 1704 484 1746 necessitate
511 1703 675 1746 alienos
703 1718 753 1745 ac
784 1716 919 1757 prope
946 1704 1120 1758 ignotos
1151 1701 1433 1758 protegendo,
1464 1714 1561 1743 cum
1586 1700 1649 1741 in-

79 1763 212 1819 genui
237 1765 281 1804 et
303 1763 386 1806 viri
411 1765 455 1804 et
485 1762 651 1818 equites
676 1762 864 1804 Romani
896 1763 1203 1816 senatoresque
1235 1761 1390 1803 intacti
1420 1759 1649 1802 tormentis

128 1926 190 1962 56.
239 1929 269 1960 1.
314 1926 448 1961 diversi
491 1926 706 1970 „getrennt‚
751 1925 828 1960 ein-

80 1974 186 2009 zeln“
216 1973 287 2008 wie
320 1977 376 2017 16,
403 1976 449 2007 30
479 1975 653 2008 steterumt
682 1972 827 2008 diversi.

82 2021 205 2057 Germ.
228 2024 271 2055 16
297 2021 421 2056 colunt
446 2020 593 2055 discreti
614 2030 658 2055 ae
682 2020 829 2063 diversi,

81 2068 157 2104 und
183 2067 299 2103 sehon
325 2067 385 2103 bei
410 2066 640 2102 Klassikern.

130 2131 163 2163 3.
187 2127 312 2163 vinela
335 2127 460 2162 indere
491 2126 587 2161 auch
616 2130 670 2169 11,
699 2130 718 2160 1
749 2126 828 2160 vin-

82 2175 216 2220 clisque
239 2175 371 2210 inditis
394 2174 437 2209 in
454 2174 578 2209 wrbem
596 2176 738 2218 raptus.
772 2176 829 2217 11,

84 2226 128 2258 32
163 2222 354 2267 inditaque
385 2224 471 2256 sunt
502 2221 636 2256 vincla.
686 2220 741 2255 Ist
764 2231 831 2255 un-

82 2269 276 2304 klassisch.

133 2332 189 2363 10.
227 2328 461 2363 inbecillitate
504 2339 555 2362 an
598 2347 644 2352 —
688 2327 834 2362 credens

86 2386 179 2421 ganz
210 2373 281 2410 wie
314 2378 346 2419 2,
372 2378 417 2409 22
455 2378 550 2410 metu
588 2374 752 2409 invidiae
783 2385 834 2409 an

84 2427 189 2458 ratus
221 2422 476 2457 conscientiam
506 2422 598 2465 faeti
629 2422 720 2456 satis
751 2431 832 2456 esse.

135 2486 190 2517 12.
217 2481 382 2526 corrupti
407 2479 638 2526 „verleitet“.

135 2545 189 2577 13.
210 2541 337 2576 Acilia
361 2551 438 2575 war
463 2539 522 2574 die
546 2539 707 2575 Tochter
732 2539 832 2574 eines

86 2588 252 2670 lites-iners
277 2587 419 2622 Acilius
450 2587 620 2622 Lucanus
651 2597 717 2622 aus
747 2585 832 2622 Cor-

112 2648 136 2671 u
165 2647 198 2671 a.

136 2698 190 2729 14.
223 2695 366 2729 Annius
405 2692 526 2728 Pollio
563 2692 613 2727 ist
641 2691 836 2728 vielleicht

88 2743 149 2777 ein
185 2740 306 2776 Enkel
349 2741 412 2776 des
451 2740 758 2785 Gleichnamigen
795 2739 835 2774 in

89 2793 122 2832 6,
148 2792 187 2833 9,
223 2788 288 2823 der
318 2788 370 2823 im
395 2787 426 2823 J.
455 2792 499 2822 32
532 2787 598 2822 der
622 2787 835 2832 MaJestats-

88 2835 332 2881 beleidigung
369 2835 592 2881 angeklagt,
637 2834 726 2870 aber
761 2845 835 2869 von

90 2881 261 2919 Tiberius
286 2883 485 2918 verschont
509 2893 596 2917 war.

949 1923 1012 1958 57.
1048 1927 1081 1957 4.
1114 1933 1190 1958 non
1214 1923 1399 1967 pervicere
1429 1922 1520 1967 quin
1552 1934 1579 1957 s.
1607 1933 1651 1957 zu

904 1974 959 2015 11,
986 1973 1043 2015 34,
1070 1973 1102 2005 5.

951 2034 984 2064 5.
1009 2030 1158 2074 primus
1188 2029 1265 2064 dies
1295 2031 1518 2073 contemptus
1550 2027 1651 2064 steht

901 2078 1089 2122 pr‘agnant
1126 2076 1186 2111 fiir
1221 2079 1400 2111 tormenta
1425 2076 1544 2121 primi
1578 2075 1653 2110 diei

903 2127 1114 2168 contempta.
1169 2123 1275 2159 Doch
1318 2133 1408 2168 mag
1449 2123 1510 2158 die
1552 2122 1652 2158 Kon-

900 2172 1029 2216 Jektur
1053 2174 1286 2216 consumptus
1313 2169 1441 2206 besser
1466 2170 1556 2206 sein.
1602 2170 1651 2214 (J.

903 2218 1120 2262 Prammer.)

953 2281 985 2313 6.
1011 2281 1191 2323 gestamen
1213 2278 1319 2312 sellae
1337 2277 1432 2312 statt
1454 2277 1654 2322 qestatoria

904 2325 993 2360 sella
1030 2325 1126 2360 auch
1165 2328 1220 2368 14,
1246 2328 1269 2359 4
1310 2325 1507 2369 yestamime
1544 2324 1653 2359 sellae

905 2372 1026 2408 Baias
1043 2375 1258 2417 pervectam.

955 2435 986 2469 7.
1032 2430 1088 2466 Ob
1131 2430 1198 2466 das
1241 2430 1417 2475 folgende
1467 2430 1655 2465 dissolutis

904 2479 1071 2513 membris
1090 2477 1144 2512 als
1166 2476 1277 2513 Dativ
1302 2488 1377 2512 von
1400 2477 1565 2512 insistere
1589 2476 1654 2511 ab·

905 2526 1024 2570 hangt
1061 2525 1157 2569 (also
1196 2523 1286 2568 „auf
1321 2524 1393 2559 den
1430 2524 1655 2559 verrenkten

906 2571 1082 2607 Gliedern
1104 2571 1139 2606 d.
1158 2571 1194 2606 h.
1215 2570 1356 2606 Beinen
1375 2572 1543 2616 stehen“)
1564 2571 1655 2606 oder

906 2620 954 2655 ob
981 2630 1019 2654 es
1045 2618 1171 2654 Ablat.
1198 2617 1362 2654 absoluti
1387 2618 1470 2653 sind
1493 2618 1570 2653 und
1595 2619 1654 2653 in-

905 2667 1028 2702 sistere
1047 2665 1299 2711 ,‚feststehen“
1325 2664 1450 2710 heisst,
1474 2665 1525 2700 ist
1548 2665 1655 2700 nicht

908 2725 954 2748 zu
980 2712 1232 2748 entscheiden.

956 2775 988 2808 8.
1017 2782 1125 2807 arcus
1148 2772 1198 2806 ist
1223 2770 1304 2807 eine
1329 2771 1446 2807 runde
1470 2772 1611 2807 Lehne.

957 2835 1012 2914 lg.
1033 2831 1188 2913 clarioge
1201 2851 1265 2896 s,
1284 2841 1366 2866 cum
1386 2842 1472 2876 „um
1491 2841 1532 2866 so
1551 2830 1656 2876 glan-

908 2889 976 2914 zen
1003 2890 1043 2914 er
1068 2899 1124 2922 -,
1177 2889 1200 2914 a
1226 2907 1233 2914 .
