1786 3120
552 101 699 138 LIBER
722 102 822 139 xlv.
866 102 970 140 cAP.
997 106 1149 139 12-15.
1502 122 1509 127 ·
1554 104 1639 148 133

47 206 312 253 'concertare
343 210 464 266 equis
494 211 662 268 regium
693 213 739 253 et
768 211 957 266 antiquis
990 210 1171 253 ducibus
1201 210 1449 254 factitatum
1478 227 1639 256 memo-

64 269 204 324 rabat,
233 269 361 325 idque
392 273 543 312 vatum
573 269 773 312 laudibus
805 269 972 312 celebre
1004 272 1047 312 et
1078 270 1256 312 deorum
1286 270 1444 312 honori
1476 271 1638 315 datum.

64 328 281 371 enimvero
319 331 472 372 cantus
509 328 706 384 Apollini
743 343 906 382 sacros,
945 329 1108 385 talique
1146 332 1304 372 ornatu
1341 330 1514 372 adstare
1551 345 1639 373 non

63 387 194 430 modo
232 387 406 431 Graecis
449 389 496 430 in
538 388 716 430 urbibus
761 388 835 430 sed
872 388 1071 431 Romana
1115 388 1229 444 apud
1270 390 1438 445 templa
1477 403 1638 432 numen

63 447 344 502 praecipuum
376 450 420 490 et
448 447 702 502 praescium.
755 462 835 490 nec
865 448 952 490 iam
983 448 1080 490 sisti
1104 450 1292 504 poterat,
1325 463 1423 491 cum
1449 448 1638 491 Senecae

64 520 114 548 ac
150 505 291 549 Burro
328 507 488 561 visum,
531 521 585 549 ne
621 509 801 562 utraque
839 508 1127 575 pervinceret,
1165 508 1351 550 alterum
1393 508 1638 550 concedere.

65 565 345 622 clausumque
374 566 487 608 valle
513 566 732 608 Vaticana
756 567 944 621 spatium
969 567 1015 608 in
1041 582 1126 623 quo
1152 581 1284 623 equos
1309 570 1491 623 regeret,
1522 567 1639 610 haud

64 625 281 680 promisco
313 625 569 680 spectaculo.
625 640 726 668 mox
755 626 872 668 ultro
904 627 1051 669 vocari
1080 627 1269 682 populus
1297 626 1520 669 Romanus
1546 627 1636 670 lau-

65 684 274 739 dibusque
313 685 534 740 extollere,
578 687 628 727 ut
665 690 732 727 est
767 686 924 741 vulgus
963 686 1138 741 cupiens
1176 687 1451 741 voluptatum
1494 689 1555 742 et,
1600 687 1638 728 si

65 743 215 786 eodem
245 744 445 799 princeps
476 744 637 799 trahat,
667 745 839 787 laetum
896 747 1084 788 ceterum
1117 746 1348 802 evulgatus
1379 738 1519 800 pudor
1548 760 1639 788 non

66 803 331 858 satietatem,
373 806 422 846 ut
458 804 683 859 rebantur,
727 804 799 846 sed
836 804 1167 847 incitamentum
1206 805 1365 848 attulit.
1431 807 1638 860 ratusque

65 862 246 905 dedecus
284 863 463 918 molliri,
501 864 538 905 si
571 864 715 918 plures
747 863 982 920 foedasset,
1018 864 1234 907 nobilium
1264 864 1530 906 familiarum
1562 879 1637 919 po-

63 924 202 964 steros
239 925 434 978 egestate
472 923 645 965 venales
682 923 729 964 in
772 938 973 966 scaenam
1017 923 1209 979 deduxit,
1253 938 1363 980 quos
1405 923 1498 966 fato
1542 938 1637 978 per-

62 981 234 1024 functos
276 997 332 1024 ne
371 982 631 1025 nominatim
667 983 857 1038 tradam,
900 983 1136 1026 maioribus
1176 997 1324 1025 eorum
1361 983 1638 1025 tribuendum

65 1044 183 1096 puto.
237 1056 340 1083 nam
372 1044 416 1084 et
446 1042 537 1083 eius
568 1041 782 1098 flagitium
814 1045 893 1097 est,
924 1043 999 1098 qui
1029 1043 1257 1098 pecuniam
1289 1043 1344 1084 ob
1377 1042 1537 1085 delicta
1560 1057 1638 1097 po-

63 1100 153 1142 tius
191 1100 309 1142 dedit
346 1115 474 1156 quam
511 1115 566 1143 ne
603 1101 915 1157 delinquerent.
976 1105 1103 1144 notos
1143 1116 1313 1158 quoque
1352 1102 1516 1158 equites
1553 1102 1639 1144 Ro-

64 1174 217 1202 manos
250 1175 404 1215 operas
436 1174 592 1202 arenae
622 1161 876 1215 promittere
908 1162 1081 1217 subegit
1105 1161 1230 1204 donis
1256 1161 1521 1217 ingentibus,
1550 1161 1637 1204 nisi

1665 342 1686 373 5

1664 637 1710 670 10

1665 933 1709 965 15

63 1219 178 1274 quod
215 1234 377 1262 merces
416 1220 470 1261 ab
509 1234 558 1262 eo
599 1220 672 1275 qui
707 1220 855 1262 iubere
885 1223 1031 1275 potest
1059 1221 1148 1263 vim
1178 1221 1452 1263 necessitatis
1484 1220 1637 1262 adfert.
1662 1229 1709 1263 20

181 1277 248 1320 Ne
278 1281 428 1321 tamen
459 1279 599 1321 adhuc
630 1279 803 1334 publico
834 1280 1006 1323 theatro
1039 1279 1410 1334 dehonestaretur,
1444 1279 1636 1322 instituit
1652 1278 1706 1321 15

61 1337 187 1380 ludos
211 1337 480 1381 Iuvenalium
510 1339 735 1394 vocabulo,
765 1339 812 1380 in
845 1354 951 1395 quos
982 1339 1149 1394 passim
1179 1339 1361 1381 nomina
1386 1339 1498 1381 data.
1546 1353 1637 1382 non

62 1397 270 1440 nobilitas
307 1397 526 1453 cuiquam,
573 1412 657 1440 non
695 1400 815 1440 aetas
854 1400 930 1440 aut
967 1399 1052 1440 acti
1088 1398 1277 1441 honores
1314 1398 1638 1454 impedimento,

63 1471 147 1512 quo
186 1457 328 1499 minus
361 1456 513 1499 Graeci
544 1456 740 1500 Latinive
777 1457 1002 1501 histrionis
1041 1459 1179 1500 artem
1218 1460 1465 1500 exercerent
1499 1472 1635 1513 usque

62 1515 117 1558 ad
154 1517 303 1571 gestus
341 1515 578 1572 modosque
614 1516 731 1559 haud
768 1517 928 1560 viriles.
989 1517 1094 1573 quin
1131 1520 1175 1559 et
1210 1517 1398 1559 feminae
1429 1517 1636 1559 inlustres
1662 1526 1684 1559 5

62 1574 272 1617 deformia
292 1575 508 1631 meditari3
534 1578 811 1631 extructaque
838 1576 952 1631 apud
975 1591 1140 1632 nemus,
1165 1577 1281 1632 quod
1306 1577 1452 1619 navali
1477 1578 1635 1632 stagno

110 1706 142 1738 3.
190 1703 355 1748 antiquis
403 1705 558 1739 ducibus
605 1706 670 1740 ctt.
740 1704 810 1740 Die
934 1709 988 1740 12.
1016 1705 1197 1751 evulgare,
1220 1704 1282 1741 bei
1300 1705 1388 1740 Tac.
1409 1706 1485 1740 erst
1502 1704 1543 1739 in
1563 1704 1637 1740 den

61 1748 212 1794 grossen
229 1751 448 1786 nationalen
467 1751 725 1797 Wettkampfe
745 1752 813 1787 der
886 1752 1079 1788 Historien
1104 1753 1180 1788 und.
1205 1753 1389 1798 Annalen,
1414 1752 1532 1787 findet
1557 1752 1637 1787 sich

63 1796 249 1832 Griechen
273 1797 357 1833 sind
381 1798 559 1844 gemeint,
587 1799 648 1834 die
673 1798 812 1835 Pindar
884 1811 956 1835 nur
980 1800 1077 1835 noch
1102 1799 1182 1835 Liv.
1211 1804 1249 1844 9,
1276 1804 1332 1835 46.

63 1844 103 1879 in
129 1844 257 1879 seinen
283 1844 388 1880 Oden
411 1845 572 1891 besingt.
618 1846 812 1882 Dorttra-
933 1851 988 1883 14.
1020 1848 1157 1883 molliri
1181 1847 1234 1882 im
1255 1847 1367 1883 Sinne
1393 1846 1494 1883 eines
1518 1846 1634 1882 Futu-

61 1892 128 1926 ten
163 1891 253 1927 aber
290 1892 436 1938 K6nige
472 1893 551 1928 und
586 1893 812 1929 Feldherren
883 1906 997 1930 rums.
1035 1898 1069 1938 2,
1089 1898 1135 1929 34
1161 1895 1263 1929 abire
1286 1905 1323 1930 se
1344 1898 1378 1930 et
1396 1895 1516 1931 cedere
1533 1894 1637 1938 urbe,

62 1938 170 1973 nicht
192 1939 407 1983 persunlich
432 1940 511 1985 auf,
542 1940 701 1975 sondern
726 1940 811 1976 lies-
882 1942 1066 1976 victurum
1106 1942 1148 1976 in
1179 1942 1304 1986 aliquo
1335 1942 1461 1977 abdito
1492 1944 1526 1977 et
1558 1941 1636 1976 lon-

62 1996 129 2021 sen
154 1986 236 2021 ihre
260 1985 541 2032 Wagenlenker
564 1987 705 2023 fahren.
883 1989 1021 2034 yinquo
1043 2000 1131 2024 ruffe
1153 1989 1364 2024 testabatur.
1405 1988 1441 2023 S.
1461 2001 1506 2023 zu
1525 1988 1561 2023 d.
1582 1987 1636 2024 St.

111 2036 144 2068 4.
175 2033 324 2069 deorum
352 2034 501 2078 honori,
532 2034 697 2070 namlich
727 2034 812 2070 dem
936 2040 988 2071 19.
1033 2036 1198 2081 subiyere
1241 2035 1311 2070 mit
1348 2036 1434 2072 dem
1470 2035 1636 2072 Infinitiv

62 2080 192 2125 Apoll,
231 2080 435 2125 Poseidon,
467 2082 560 2118 Zeus
589 2083 666 2118 und
697 2082 812 2118 Hera.-
885 2083 982 2118 auch
1007 2082 1079 2128 Kp.
1099 2087 1155 2119 26.
1185 2087 1217 2127 1,
1243 2087 1288 2118 39
1314 2083 1386 2119 wie
1411 2083 1471 2119 bei
1495 2083 1638 2119 Sallust

62 2127 156 2162 kles.
885 2131 962 2165 und
980 2130 1122 2166 Livius.
1166 2131 1346 2177 Dagegen
1370 2131 1441 2166 mit
1462 2134 1505 2166 ut
1523 2135 1558 2174 2,
1577 2134 1634 2166 40.

111 2178 144 2211 6.
179 2175 223 2210 in
254 2196 296 2200 —
331 2176 442 2221 apud.
493 2176 694 2212 Dieselben
724 2177 813 2212 Pr'a-
887 2198 931 2203 —
957 2179 1033 2214 nisi
1062 2179 1158 2223 quod
1189 2190 1282 2223 „nur
1307 2177 1404 2223 dass,
1437 2178 1527 2214 aber
1549 2178 1636 2214 frei-

62 2221 277 2276 positionen
306 2223 508 2259 wechseln:
546 2228 585 2268 6,
612 2228 656 2259 22
690 2225 814 2260 tristia
884 2225 997 2261 lich“.
1051 2229 1081 2269 1,
1109 2230 1153 2261 33
1180 2229 1288 2271 atque
1311 2227 1395 2271 ipsa
1420 2226 1636 2272 Ayrippina

62 2270 105 2304 in
147 2269 276 2312 bonos,
329 2271 425 2306 laeta
466 2272 569 2316 apud
611 2272 811 2307 deteriores.
880 2273 998 2317 paulo
1022 2274 1242 2316 commotior,
1265 2274 1342 2308 nisi
1366 2275 1463 2318 quod
1487 2293 1534 2299 ——
1553 2274 1636 2309 ani-

65 2315 178 2351 Sonst
202 2317 308 2352 nicht
331 2318 609 2354 vorkommend.
655 2318 740 2364 Vgl.
757 2319 814 2365 je·
885 2332 982 2356 mum
1020 2321 1063 2355 in
1098 2321 1232 2356 bonum
1262 2321 1430 2357 vertebat.
1485 2321 1575 2365 Agr.
1602 2325 1635 2357 6.

65 2363 162 2398 doch
187 2364 418 2406 Ein1.§.6o.
885 2366 970 2403 hist.
997 2372 1038 2412 3,
1064 2372 1120 2403 28.
1173 2367 1220 2403 So
1251 2369 1375 2403 zuerst
1404 2367 1468 2403 bei
1495 2367 1635 2412 Livius,

112 2414 145 2446 8.
171 2422 216 2446 ne
243 2415 401 2456 utraque
418 2414 678 2458 pervinceret,
682 2413 814 2458 ,damit
885 2414 985 2450 daun
1022 2416 1118 2451 auch
1153 2415 1216 2450 bei
1248 2415 1388 2450 Sueten
1424 2415 1501 2450 und
1535 2417 1634 2461 Apu-

65 2468 106 2492 er
129 2458 236 2493 nicht
260 2458 388 2494 beides
407 2459 677 2496 durchsetzte‘.
723 2461 783 2507 Vg
785 2461 809 2496 l.
884 2461 988 2507 lejus.

66 2509 128 2549 12,
162 2509 206 2540 60
243 2517 337 2551 quae
372 2507 546 2542 vicerant.
602 2489 703 2543 Uber
740 2474 812 2544 dgen

63 2533 195 2588 Acbus.
221 2552 384 2588 verbalis
407 2565 434 2589 s
461 2553 998 2597 Einl.§.26.15.
1042 2560 1075 2591 2.
1113 2555 1183 2591 Die
1221 2556 1422 2591 Iuvenalia
1458 2555 1636 2592 kommen

113 2603 145 2635 9.
177 2600 247 2636 Die
271 2601 382 2636 vallis
407 2601 592 2636 Vaticana
617 2602 721 2646 (oder
746 2602 813 2638 der
885 2615 956 2638 nur
997 2605 1106 2639 unter
1143 2603 1243 2638 Nero
1288 2614 1364 2638 vor.
1402 2623 1447 2628 —
1484 2605 1636 2639 nomina

64 2657 214 2691 campus
253 2647 351 2693 Vat.)
389 2647 486 2693 liegt
520 2648 692 2684 nbrdlich
726 2661 813 2685 vom
885 2651 975 2686 data
999 2661 1111 2694 „man
1135 2650 1297 2685 meldete
1323 2649 1403 2685 sich
1428 2650 1557 2686 dazu‘·.

63 2692 274 2730 Janiculum
302 2696 371 2731 auf
393 2696 479 2731 dem
503 2696 658 2731 rechten
683 2696 812 2732 Tiber-
933 2700 965 2732 5.
997 2698 1120 2733 modos
1144 2696 1395 2742 „Melodien“,
1427 2698 1466 2733 in
1493 2697 1635 2733 diesem

64 2740 155 2776 ufer.
211 2742 306 2778 Dort
341 2743 447 2778 hatte
485 2743 601 2778 sehon
639 2742 813 2789 Caligula
887 2744 999 2780 Sinne
1024 2744 1121 2780 auch
1146 2744 1208 2779 bei
1233 2744 1373 2780 Cicero.

64 2787 309 2825 Wettrennen
336 2790 524 2836 gehalten.
547 2810 591 2815 ——
609 2790 711 2825 haud
726 2801 812 2835 pro·
932 2796 965 2828 6.
997 2792 1127 2827 navali
1157 2795 1297 2837 stayno.
1347 2791 1437 2827 Dies
1469 2803 1545 2828 war
1573 2792 1634 2828 die

65 2835 175 2871 miseo
191 2838 256 2871 ctt.
277 2837 312 2871 d.
327 2837 365 2872 h.
386 2839 452 2872 das
468 2837 566 2873 Volk
584 2837 689 2872 ward
707 2837 812 2872 nicht
883 2838 1118 2874 Naumachia
1140 2838 1302 2884 Augusti
1328 2849 1388 2874 am
1408 2839 1633 2876 Janioulum.

65 2883 293 2927 zugelassen.
886 2884 919 2920 S.
946 2898 991 2921 zu
1020 2890 1079 2929 12,
1106 2890 1162 2922 56.
