1806 3120
574 80 724 117 LIBER
746 80 792 117 H.
842 80 946 118 CAP.
972 85 1125 118 67-70.

1555 82 1640 125 137

78 188 299 233 custodiae
329 188 445 245 regis
477 189 714 244 adpositus,
748 189 869 244 quasi
893 203 971 244 per
994 189 1106 232 iram
1131 189 1275 245 gladio
1302 204 1399 232 eum
1424 191 1642 247 transigit.

78 248 191 291 unde
226 248 365 291 maior
399 247 528 295 fides,
545 249 809 292 conscientia
845 249 1017 291 sceleris
1049 252 1093 291 et
1122 252 1241 291 metu
1277 249 1429 291 indicii
1459 252 1642 292 mortem
1671 260 1716 292 10

77 306 255 350 Vononi
283 307 477 350 inlatam.

194 366 257 409 At
305 366 586 409 Germanicus
633 364 838 424 Aegypto
886 381 1085 409 remeans
1136 369 1310 422 cuncta,
1366 381 1474 423 quae
1529 367 1643 423 apud
1657 366 1714 410 69

77 425 271 482 legiones
310 430 385 468 aut
421 427 550 469 urbes
590 426 795 481 iusserat,
833 426 1000 469 abolita
1035 427 1104 469 vel
1141 426 1187 468 in
1219 427 1485 469 contrarium
1515 441 1644 469 versa

78 485 314 541 cognoscit.
373 485 475 528 hinc
516 499 669 553 graves
706 486 752 528 in
784 460 996 528 Pisonem
1036 485 1343 542 contumeliae,
1379 500 1460 528 nec
1501 486 1643 528 minus

78 545 232 588 acerba
271 559 379 600 quae
422 545 476 587 ab
517 545 593 588 illo
634 545 680 588 in
722 545 950 588 Caesarem
994 545 1333 588 intentabantur.
1401 545 1500 587 dein
1540 545 1643 588 Piso

78 604 196 647 abire
223 602 350 647 Suria
381 605 546 648 statuit.
595 619 696 647 mox
727 604 909 647 adversa
941 603 1188 647 Germanici
1218 604 1466 647 valetudine
1498 605 1642 647 deten-
1670 613 1690 646 5

78 668 162 718 tus,
192 664 269 706 ubi
298 667 538 706 recreatum
570 665 734 719 accepit
764 666 949 720 votaque
979 679 1059 719 pro
1090 664 1390 707 incolumitate
1416 664 1642 707 solveban-

77 725 162 791 tur,
187 723 383 766 admotas
402 724 581 778 hostias,
607 724 890 766 sacrificalem
911 726 1182 779 apparatum,
1200 723 1359 766 festam
1378 723 1644 767 Antiochen-

78 783 188 825 sium
212 782 383 850 plebem
407 797 485 839 per
507 758 683 826 lictores
708 783 949 839 proturbat.
994 786 1087 825 tum
1114 781 1358 826 Seleuciam
1384 783 1647 839 degreditur,

79 842 309 897 opperiens
353 842 687 898 aegritudinem,
738 857 847 898 quae
895 858 1066 885 rursum
1111 841 1367 885 Germanico
1419 842 1643 885 acciderat.

79 916 253 944 saevam
284 901 373 944 vim
403 903 544 945 morbi
577 902 766 958 augebat
795 902 1018 957 persuasio
1044 902 1200 944 veneni
1226 917 1252 944 a
1276 902 1434 944 Pisone
1460 902 1716 959 accepti310

79 963 124 1003 et
153 961 480 1017 reperiebantur
512 962 605 1004 solo
638 976 688 1004 ac
719 961 958 1017 parietibus
991 964 1139 1004 erutae
1173 961 1462 1004 humanorum
1495 976 1644 1017 corpo—

78 1035 176 1063 rum
218 1021 447 1077 reliquiae,
497 1022 687 1064 carmina
731 1023 774 1063 et
816 1020 1068 1063 devotiones
1114 1023 1157 1062 et
1198 1035 1358 1063 nomen
1399 1019 1646 1063 Germanici

78 1080 294 1135 plumbeis
333 1080 494 1123 tabulis
534 1080 824 1135 insculptum,
865 1079 1045 1123 semusti
1085 1080 1249 1122 cineres
1291 1094 1341 1122 ac
1376 1080 1478 1122 tabe
1521 1079 1646 1123 obliti

83 1139 252 1194 aliaque
301 1140 516 1195 malefica,
565 1140 661 1195 quis
711 1139 899 1182 creditur
948 1139 1112 1181 animas
1162 1139 1412 1182 numinibus
1463 1139 1645 1182 infernis

83 1199 257 1241 sacrari.

81 1257 263 1300 adversa
292 1259 512 1300 rimantes.

199 1317 266 1359 Ea
291 1316 546 1361 Germanico
577 1317 692 1360 haud
723 1318 866 1360 minus
898 1318 963 1359 ira
994 1332 1123 1373 quam
1154 1331 1230 1372 per
1262 1319 1425 1360 metum
1457 1319 1644 1372 accepta.
1662 1317 1720 1359 70

327 1199 456 1241 simul
500 1199 623 1242 missi
667 1214 693 1241 a
735 1198 892 1241 Pisone
934 1199 1245 1241 incusabantur
1288 1201 1338 1241 ut
1382 1199 1644 1242 valetudinis
1674 1207 1718 1240 15

82 1376 119 1418 si
150 1376 282 1419 limen
313 1376 598 1429 obsideretur,
636 1377 673 1419 si
703 1376 983 1419 effundendus
1015 1376 1193 1432 spiritus
1225 1377 1304 1419 sub
1337 1377 1472 1419 oculis
1503 1376 1644 1419 inimi-

82 1449 230 1478 corum
259 1435 392 1491 foret,
429 1436 530 1492 quid
562 1436 714 1479 deinde
745 1436 1011 1478 miserrimae
1044 1436 1235 1491 coniugi,
1272 1436 1375 1492 quid
1405 1436 1646 1479 infantibus

81 1494 229 1537 liberis
261 1495 540 1538 eventurum?
590 1496 710 1538 lenta
740 1496 874 1538 videri
905 1495 1129 1538 veneficia:
1169 1495 1376 1538 festinare
1408 1499 1452 1538 et
1481 1509 1647 1551 urgere,

82 1556 132 1596 ut
168 1555 450 1610 provinciam,
487 1558 537 1597 ut
572 1555 764 1612 legiones
802 1555 919 1598 solus
954 1554 1127 1597 habeat.
1189 1555 1262 1597 sed
1298 1569 1387 1597 non
1424 1570 1559 1611 usque
1597 1569 1647 1597 eo
1674 1566 1696 1597 5

85 1613 298 1656 defectum
331 1613 653 1670 Germanicum,
684 1629 822 1669 neque
853 1614 1048 1670 praemia
1079 1614 1222 1656 caedis
1255 1614 1370 1670 apud
1401 1614 1648 1657 interfecto·

83 1687 176 1715 rem
208 1688 424 1717 mansura.
473 1674 694 1730 componit
726 1674 948 1729 epistulas,
980 1674 1076 1729 quis
1103 1674 1339 1716 amicitiam
1365 1674 1404 1716 ei
1429 1674 1650 1717 renuntia-

83 1732 177 1788 bat3
220 1732 384 1776 addunt
427 1733 623 1789 plerique
666 1734 832 1776 iussum
874 1733 1096 1788 provincia
1140 1732 1354 1776 decedere.

1424 1748 1503 1776 nec
1545 1733 1649 1775 Piso

84 1794 278 1834 moratus
302 1793 419 1835 ultra
442 1793 565 1836 navis
593 1793 740 1847 solvit,
765 1793 1152 1848 moderabaturque
1179 1793 1335 1848 cursui,
1361 1807 1446 1848 quo
1471 1793 1650 1849 propius

84 1851 393 1907 regrederetur,
425 1852 463 1894 si
494 1867 611 1895 mors
644 1852 889 1895 Germanici
922 1851 1092 1894 Suriam
1125 1852 1375 1907 aperuisset.

134 1971 166 2003 9.
205 1968 411 2013 adpositus,
449 1968 520 2004 wie
561 1973 598 2012 1,
625 1972 646 2003 6
682 1969 831 2004 tribuno

89 2015 276 2050 custodiae
299 2016 475 2060 adposito.

134 2027 385 2099 69.1.Ub‹²³’r
403 2063 475 2098 den
492 2061 646 2098 Ablativ
665 2063 832 2109 Aeqypto

88 2120 118 2144 8.
133 2109 231 2144 Ε1111.
251 2113 281 2152 5.
302 2114 357 2146 34.

135 2161 169 2193 5.
201 2158 303 2193 abire
326 2157 460 2201 Suria,
485 2157 555 2193 wie
581 2168 638 2203 cp.
661 2161 704 2193 19
730 2157 832 2193 abire

87 2205 243 2240 sedibus.
287 2204 458 2241 Plautus:
484 2206 583 2242 urbe.

136 2256 169 2288 7.
203 2253 421 2297 sacrificalis
453 2265 524 2288 nur
554 2252 635 2288 hier
664 2252 741 2288 und
770 2252 834 2288 bei

88 2299 280 2345 Spateren.
304 2320 349 2326 —
369 2300 571 2336 Antiochia
597 2311 658 2335 am
677 2302 834 2335 unteren

86 2345 188 2382 Lauf
202 2347 268 2383 des
289 2347 464 2391 Orontes3
486 2347 656 2384 Seleucia
676 2347 738 2392 lag
753 2347 834 2383 drei

86 2393 226 2430 Meilen
258 2395 486 2440 westlicher,
525 2407 573 2431 an
607 2396 672 2430 der
704 2395 832 2430 Kfiste.

89 2462 131 2467 —
158 2442 272 2485 festus
296 2453 370 2478 von
394 2442 582 2479 Personen
607 2442 728 2478 findet
753 2441 834 2478 sich

88 2500 159 2525 nur
182 2489 274 2525 hier.

137 2540 170 2572 8.
215 2537 361 2591 deyredi
396 2536 511 2573 heisst
545 2537 586 2573 in
620 2536 832 2573 nachklass.

90 2583 171 2619 Zeit
194 2584 301 2638 nicht
325 2595 394 2620 nur
419 2584 716 2631 „hinabgehen‘ss
749 2596 832 2620 son-

89 2631 182 2666 dern
194 2630 266 2666 wie
278 2632 443 2668 decedere
461 2633 556 2668 auch
571 2632 834 2678 „weggehen‘fl

90 2676 410 2715 Handschriftlich
441 2680 543 2715 steht
574 2691 613 2716 es
642 2680 682 2715 111
716 2679 836 2715 dieser

90 2723 312 2772 Bedeutung
324 2727 406 2763 hier
418 2727 494 2762 und
504 2731 538 2771 4,
556 2730 612 2763 73.
629 2731 684 2762 74.
707 2731 764 2770 11,
778 2731 834 2762 21.

140 2776 196 2809 15.
210 2774 313 2809 missi
325 2774 632 2818 substantivisch,
648 2774 763 2809 sehon
775 2773 837 2810 bei

92 2817 172 2856 cas.
183 2821 218 2855 b.
229 2833 265 2866 g.
278 2824 311 2865 5,
322 2825 380 2864 40,
403 2821 503 2857 dann
517 2822 612 2857 &fter
623 2803 686 2858 'bei
696 2821 836 2857 Livius.

93 2865 143 2901 So
167 2867 374 2913 gebraucht
392 2868 507 2904 Casar
532 2869 684 2915 dimissi,
709 2867 837 2904 Livius

901 1968 1113 2013 praemissi,
1138 1967 1306 2013 Vellejus
1337 1968 1527 2013 dispositi,
1560 1967 1650 2004 Cur-

903 2016 977 2051 tius
1001 2015 1226 2051 nuntiaturi.

954 2062 1016 2099 70.
1043 2067 1076 2098 2.
1101 2063 1294 2107 effundere,
1321 2062 1391 2099 wie
1415 2061 1519 2108 Virg.
1545 2062 1589 2099 A.
1617 2067 1650 2107 1,

904 2114 949 2146 98
975 2110 1137 2146 animam
1160 2110 1257 2146 hanc
1281 2111 1473 2155 effundere.
1505 2131 1553 2137 —
1583 2111 1650 2146 sub

903 2158 1028 2199 oculis,
1055 2170 1083 2193 s.
1103 2169 1149 2192 zu
1174 2168 1230 2203 cp.
1251 2161 1309 2193 35.

904 2252 924 2288 J
950 2208 983 2241 4.
1017 2205 1160 2250 liberis,
1185 2205 1352 2241 namlich
1378 2203 1552 2251 Caligula
1574 2205 1652 2240 und

928 2252 1016 2289 ulia.

952 2304 984 2336 6.
1028 2300 1205 2344 defectum
1247 2300 1326 2336 scil.
1363 2301 1506 2336 viribus
1548 2301 1652 2344 „ent-

904 2347 1084 2391 kraftetfl,
1109 2347 1179 2383 wie
1205 2351 1238 2391 4,
1258 2351 1304 2383 29
1330 2348 1466 2392 defecto
1491 2358 1649 2394 corpore.

904 2394 947 2429 In
973 2394 1114 2430 diesem
1140 2394 1253 2431 Sinne
1276 2396 1449 2440 poetisch
1477 2407 1513 2431 u.
1539 2395 1651 2431 nach-

904 2441 1098 2478 klassisch.

954 2494 985 2526 7.
1018 2490 1204 2535 epistulas.
1244 2481 1345 2526 ‘Uber
1370 2489 1443 2525 den
1466 2488 1596 2524 Plural
1622 2500 1651 2524 s.

905 2549 950 2572 zu
978 2542 995 2572 1
1030 2541 1086 2573 30.

954 2588 987 2620 9.
1001 2564 1166 2630 ’μορίω
1190 2584 1319 2628 „mehr
1338 2595 1404 2619 aus
1424 2583 1491 2619 der
1507 2583 1652 2628 Nahe“,

907 2631 978 2666 wie
1003 2635 1043 2676 4,
1069 2636 1090 2666 5
1128 2632 1229 2667 haud
1262 2632 1392 2676 procul
1430 2632 1650 2667 aecirentur.

909 2682 942 2722 6,
968 2682 1013 2714 26
1037 2679 1190 2724 propius
1222 2679 1358 2714 viseret.
1410 2682 1466 2722 13,
1493 2683 1537 2714 57
1563 2689 1652 2724 pro-

903 2726 992 2772 pius
1011 2727 1149 2761 audiri.
1195 2724 1243 2761 So
1264 2726 1351 2771 sagt
1370 2726 1486 2761 sehon
1504 2725 1652 2762 Cicero:

902 2773 1653 2874 ggquuspzaezralapae'claegegffflg,

909 2868 1083 2912 iaculari,
1099 2866 1242 2902 Sallust
1253 2868 1331 2903 und
1345 2867 1514 2904 Curtius:
1528 2870 1652 2905 visere.
