1820 3100
210 74 298 117 206
642 74 871 111 CORNELII
895 74 1058 112 TACITI
1080 74 1344 112 ANNALIUM

212 197 445 238 omnesque
477 181 746 225 Albanorum
775 197 899 238 reges
938 186 982 226 et
1018 183 1215 226 conditor
1250 183 1372 226 urbis
1404 182 1630 237 Romulus,
1664 185 1773 239 post¹

140 251 184 284 10
210 239 370 284 Sabina
394 241 616 297 nobilitas,
641 241 772 284 Attus
798 241 979 284 Clausus
1012 244 1260 298 ceteraeque
1293 241 1569 285 Claudiorum
1599 241 1768 298 effigies

209 300 338 356 longo
371 300 517 342 ordine
549 302 854 355 spectarentur.

141 357 196 400 10
328 358 380 401 In
410 358 618 401 tradenda
648 361 786 401 morte
816 358 948 401 Drusi
986 373 1093 414 quae
1129 359 1327 414 plurimis
1365 359 1634 414 maximeque
1669 359 1767 403 fidis

209 417 455 460 auctoribus
497 420 735 459 memorata
777 420 877 459 sunt
914 418 1056 459 retuli.
1116 418 1190 460 sed
1228 432 1317 460 non
1358 417 1576 460 omiserim
1615 431 1766 460 eorun-

210 476 306 518 dem
336 479 579 531 temporum
610 490 846 530 rumorem,
884 476 1073 518 validum
1103 476 1207 518 adeo
1239 479 1287 518 ut
1316 477 1506 519 nondum
1537 476 1788 520 exolescat·

209 537 412 590 corrupta
461 534 514 576 ad
563 534 701 576 scelus
746 533 869 576 Livia
912 533 1113 576 Seianum
1155 534 1296 591 Lygdi
1341 549 1510 590 quoque
1561 534 1765 589 spadonis

162 602 183 634 5
210 593 399 636 animum
441 595 589 647 stupro
630 592 836 647 vinxisse,
883 593 994 647 quod
1034 593 1071 635 is
1113 595 1253 636 aetate
1294 596 1422 648 atque
1461 593 1601 635 forma
1641 606 1765 636 carus

210 651 383 694 domino
410 652 605 705 interque
629 650 841 705 primores
867 651 1088 694 ministros
1114 654 1223 707 erat3
1257 652 1407 694 deinde
1433 652 1545 694 inter
1570 651 1766 694 conscios

208 710 284 752 ubi
315 711 434 752 locus
460 709 656 751 veneficii
685 711 942 764 tempusque
974 710 1201 765 conposita
1232 711 1331 766 sint,
1363 725 1412 752 eo
1440 711 1642 753 audaciae
1667 724 1766 765 pro-

208 770 379 811 vectum
406 770 453 809 ut
477 770 661 810 verteret
686 770 729 808 et
755 768 924 810 occulto
948 768 1106 810 indicio
1131 768 1324 811 Drusum
1349 770 1501 811 veneni
1525 769 1572 811 in
1595 771 1766 824 patrem

211 840 396 882 arguens
429 829 621 868 moneret
650 825 868 868 Tiberium
900 827 1117 869 vitandam
1150 827 1382 882 potionem,
1415 841 1524 882 quae
1553 827 1694 882 prima
1725 827 1766 869 ei

139 894 182 926 10
209 884 323 940 apud
364 885 500 926 filium
544 885 737 938 epulanti
780 885 1017 927 offerretur.
1090 900 1140 927 ea
1188 885 1335 928 fraude
1385 888 1558 940 captum
1606 900 1766 940 senem,

209 946 439 998 postquam
477 942 723 985 convivium
759 943 932 998 inierat,
969 945 1192 998 exceptum
1228 944 1430 999 poculum
1459 944 1601 986 Druso
1637 944 1768 986 tradi-

210 1002 340 1058 disse3
372 1004 500 1057 atque
530 1002 606 1043 illo
639 1001 790 1057 ignaro
823 1004 866 1043 et
896 1001 1139 1044 iuveniliter
1168 1002 1392 1045 hauriente
1425 1005 1594 1045 auctam
1625 1003 1764 1058 suspi-

210 1061 391 1116 cionem,
429 1063 651 1115 tamquam
689 1062 807 1102 metu
843 1063 887 1102 et
922 1061 1085 1115 pudore
1123 1061 1297 1103 sibimet
1333 1062 1554 1117 inrogaret
1583 1063 1768 1104 mortem

211 1134 341 1175 quam
372 1119 488 1174 patri
519 1121 747 1161 struxerat.

142 1177 193 1219 11
328 1177 447 1219 Haec
487 1178 618 1233 vulgo
658 1177 839 1233 iactata,
879 1192 1006 1232 super
1045 1178 1089 1220 id
1129 1178 1243 1234 quod
1277 1178 1396 1220 nullo
1435 1180 1608 1221 auctore
1645 1179 1762 1221 certo

208 1237 448 1291 firmantur,
478 1238 679 1291 prompte
709 1236 974 1279 refutaveris.
1023 1236 1118 1292 quis
1150 1237 1263 1278 enim
1294 1237 1499 1279 mediocri
1525 1236 1764 1293 prudentia,

210 1295 367 1337 nedum
399 1295 595 1337 Tiberius
633 1295 766 1337 tantis
802 1295 930 1337 rebus
970 1295 1196 1351 exercitus,
1232 1295 1427 1338 inaudito
1464 1295 1555 1338 filio
1587 1295 1765 1337 exitium

213 1354 385 1397 offerret
425 1354 551 1409 idque
593 1368 670 1395 sua
703 1368 832 1396 manu
868 1356 912 1396 et
944 1354 1062 1396 nullo
1104 1354 1156 1396 ad
1194 1354 1499 1410 paenitendum
1541 1353 1769 1410 regressu?

164 1421 184 1453 5
211 1413 314 1469 quin
339 1412 482 1467 potius
508 1412 753 1454 ministrum
777 1413 930 1455 veneni
961 1413 1231 1468 excruciaret,
1264 1416 1484 1455 auctorem
1515 1412 1768 1469 exquireret,

210 1471 341 1513 insita
372 1471 552 1526 denique
593 1471 724 1512 etiam
755 1471 801 1512 in
833 1473 1059 1513 extraneos
1091 1472 1363 1514 cunctatione
1395 1474 1438 1513 et
1468 1485 1591 1513 mora
1620 1471 1768 1513 adver·

211 1544 305 1571 sum
337 1529 508 1571 unicum
541 1531 584 1571 et
614 1529 774 1571 nullius
806 1532 904 1571 ante
941 1529 1095 1585 flagitii
1127 1533 1378 1584 conpertum
1409 1529 1630 1571 uteretur?
1692 1528 1768 1571 sed
1816 1562 1820 1566 .

210 1588 311 1643 quia
342 1587 520 1630 Seianus
550 1587 790 1629 facinorum
822 1588 1013 1629 omnium
1043 1591 1238 1642 repertor
1267 1588 1520 1643 habebatur,
1551 1601 1602 1628 ex
1632 1587 1768 1630 nimia

211 1646 391 1689 caritate
416 1647 460 1688 in
486 1661 583 1688 eum
609 1645 804 1688 Caesaris
831 1648 874 1688 et
899 1649 1137 1688 ceterorum
1162 1647 1206 1688 in
1232 1649 1461 1701 utrumque
1492 1645 1589 1688 odio
1622 1659 1770 1700 quam·-

1024 1752 1187 1794 terquam
1228 1750 1326 1795 quod
1366 1749 1416 1784 ist
1458 1747 1523 1784 ἅπ.
1564 1747 1632 1795 εἰρ.
1669 1748 1767 1784 nach

212 1750 282 1785 wie
296 1750 418 1785 Germ.
434 1753 455 1784 2
473 1749 605 1785 Tuis-co
617 1753 651 1785 et
666 1750 835 1785 Mannus
849 1751 953 1796 oriyo

1024 1795 1206 1841 Analogie
1249 1807 1322 1832 von
1362 1807 1471 1841 super
1512 1807 1622 1841 quam
1669 1796 1766 1841 quod

210 1797 326 1842 gentis
363 1797 639 1841 conditoresque.
697 1797 744 1832 So
782 1808 852 1831 nur
889 1796 953 1831 bei

210 1843 407 1888 Dichtern,
444 1844 514 1879 wie
539 1844 641 1888 Virg.
667 1844 758 1880 Aen.
786 1847 847 1888 12,
884 1847 951 1879 166

209 1891 295 1926 hinc
313 1894 423 1936 pater
441 1891 593 1935 Aeneas,
619 1890 808 1926 Romanae
825 1892 953 1936 stirpis

211 1947 323 2020 omlqg..
359 1984 466 2019 Nach
503 1984 583 2020 Liv.
609 1989 647 2029 2,
682 1988 726 2019 16
763 1984 953 2020 wanderte

210 2031 337 2067 Attius
369 2031 473 2077 (oder
497 2031 622 2075 Attus)
656 2031 812 2067 Clausus
841 2030 894 2066 im
919 2032 951 2067 J.

210 2082 280 2114 504
317 2088 391 2113 von
435 2078 500 2113 der
544 2078 652 2114 Stadt
688 2077 855 2124 Regillus
899 2078 952 2113 im

212 2124 481 2160 Sabinerlande
518 2126 588 2160 mit
621 2124 743 2161 vielen
778 2125 954 2161 Klienten

210 2172 306 2207 nach
326 2171 433 2215 Rom,
451 2172 554 2207 ward
572 2172 680 2207 unter
699 2172 759 2208 die
772 2171 952 2207 Patrizier

210 2218 497 2263 aufgenommen
510 2219 586 2253 und.
599 2219 711 2258 nahm
725 2219 798 2254 den
806 2219 952 2255 Namen

210 2264 355 2310 Appius
381 2264 556 2300 Claudius
582 2276 641 2300 an.

258 2311 322 2347 10.
357 2313 390 2348 5.
424 2312 583 2348 vinxisse
614 2312 708 2348 statt
737 2313 949 2349 devinxisse.

211 2358 307 2394 auch
327 2362 360 2403 6,
374 2361 419 2394 45
433 2363 612 2404 pactoque
630 2360 854 2395 matrimonii
871 2361 950 2395 vin-

211 2407 295 2449 cire,
321 2406 424 2441 sonet
448 2405 634 2451 nirgends.

260 2456 292 2488 7.
336 2463 375 2488 eo
417 2453 596 2488 audaciae
629 2456 688 2489 σει.
724 2452 793 2488 wie
829 2456 868 2496 2,
906 2456 952 2488 55

212 2510 251 2535 eo
274 2510 386 2544 usque
410 2500 656 2545 corruptionis
677 2503 866 2545 provectus
890 2503 950 2535 est.

213 2546 248 2583 S.
267 2545 364 2582 Einl.
385 2549 414 2589 §-
436 2549 492 2582 41.

259 2596 293 2629 8.
336 2596 499 2637 verteret,
541 2592 707 2628 namlich
747 2604 839 2629 rem.-
889 2603 953 2637 „er

212 2639 342 2675 drehte
368 2639 427 2675 die
449 2640 566 2676 Sache
590 2652 665 2684 um,
690 2640 763 2685 gab
788 2640 847 2675 ihr
871 2639 953 2675 eine

213 2688 563 2732 entgegengesetzte
618 2686 856 2732 Wendung“.
905 2706 951 2713 —

212 2734 348 2770 occulto
383 2734 632 2778 „versteckt“‚
669 2733 748 2769 also
782 2745 853 2768 nur
887 2745 951 2768 an-

213 2780 384 2815 deutend.
429 2780 575 2816 Ebenso
602 2785 634 2824 6,
654 2784 709 2816 51.
735 2780 819 2816 hist.
839 2784 873 2824 2,
893 2783 950 2816 38.

261 2826 324 2862 11.
354 2830 383 2861 1.
410 2838 517 2872 super
541 2828 583 2863 id
606 2829 702 2872 quod
727 2828 821 2863 statt
838 2838 950 2872 prae-

1024 1842 1101 1878 Liv.
1129 1846 1195 1887 22,
1221 1846 1254 1879 3.
1288 1847 1346 1887 27,
1371 1848 1429 1878 20.
1477 1843 1628 1887 insuper
1659 1853 1768 1888 quam

1025 1893 1082 1934 23,
1102 1894 1134 1925 7.
1177 1890 1227 1926 ad
1250 1890 1291 1926 id
1314 1891 1410 1935 quod
1434 1894 1467 1933 3,
1494 1893 1526 1933 ’1,
1560 1888 1631 1925 wie
1659 1890 1766 1925 fiber-

1025 1937 1147 1982 haupt
1170 1936 1279 1972 beide
1300 1936 1566 1972 Schriftsteller
1586 1935 1766 1972 zuweilen

1023 1994 1133 2029 super
1158 1985 1251 2019 statt
1269 1987 1418 2029 praeter
1443 1983 1688 2029 gebrauchen.

1071 2041 1103 2072 3.
1146 2037 1341 2073 inauditus
1379 2037 1473 2073 statt
1508 2046 1584 2072 non
1617 2036 1770 2073 auditus

1024 2082 1153 2127 „nicht
1177 2084 1397 2129 angehssrt“,
1422 2082 1493 2119 wie
1518 2087 1551 2127 2,
1572 2085 1629 2127 77,
1649 2086 1683 2118 9.

1070 2145 1104 2177 4.
1134 2152 1306 2186 regressu.
1336 2133 1498 2176 Ahnlich
1522 2140 1601 2176 Liv.
1626 2144 1690 2184 24,
1715 2144 1760 2176 26

1022 2199 1134 2234 neque
1152 2189 1250 2225 locus
1264 2188 1480 2233 paenitendi
1498 2190 1564 2223 aut
1581 2197 1763 2233 reqressus

1023 2237 1069 2271 ab
1094 2237 1155 2271 ira
1178 2236 1324 2272 relictus
1347 2238 1443 2271 esset.
1492 2238 1550 2279 42,
1577 2237 1622 2269 13
1646 2244 1764 2280 recep-

1022 2286 1100 2318 tum
1124 2283 1174 2318 ad
1197 2282 1462 2328 paenitendum
1485 2291 1560 2318 non
1583 2281 1763 2317 haberant.

1072 2344 1104 2376 5.
1142 2341 1216 2376 Der
1247 2339 1454 2386 Gegensatz
1483 2351 1528 2375 zu
1557 2340 1766 2376 minismm

1024 2387 1138 2433 zeigt,
1170 2387 1252 2423 dass
1287 2388 1396 2422 unter
1429 2390 1556 2423 auctor
1589 2386 1655 2422 der
1687 2386 1764 2421 An-

1025 2434 1148 2470 stifter
1190 2435 1254 2469 des
1297 2433 1550 2470 Verbrechens
1593 2445 1638 2468 zu
1683 2442 1764 2469 ver-

1025 2482 1157 2516 stehen
1181 2481 1240 2517 ist.

1072 2537 1104 2569 6.
1139 2537 1348 2576 extraneus,
1382 2543 1457 2568 von
1491 2530 1564 2567 Cic.
1597 2543 1666 2566 nur
1699 2530 1768 2566 auf

1026 2581 1169 2615 Sachen
1187 2580 1363 2625 bezogen,
1382 2578 1599 2614 bezeichnet
1610 2577 1663 2612 im
1677 2577 1762 2614 silb.

1023 2626 1103 2662 Lat.
1130 2627 1226 2662 auch
1252 2626 1340 2670 den,
1377 2625 1442 2661 der
1470 2625 1575 2660 nicht
1605 2635 1669 2659 zur
1692 2624 1764 2660 Fa-

1023 2673 1126 2709 milie
1151 2673 1294 2718 gehort.
1330 2671 1419 2717 Agr.
1439 2675 1496 2707 43.

1072 2730 1104 2762 7.
1140 2728 1329 2771 conpertus
1365 2725 1435 2760 mit
1471 2724 1556 2759 dem
1593 2723 1762 2770 Genetiv,

1023 2772 1094 2808 wie
1121 2777 1152 2818 1,
1172 2776 1193 2807 3
1218 2772 1294 2808 und
1318 2770 1380 2807 bei
1404 2770 1541 2807 Livius.

1071 2829 1103 2862 8.
1128 2828 1287 2871 repertor
1312 2835 1340 2860 s.
1366 2836 1411 2859 zu
1435 2827 1467 2869 2,
1487 2827 1543 2860 30.
