1820 3100
566 100 712 136 LIBER
728 99 1118 138 1V.0AP.3s-39.
1548 96 1639 146 225

71 212 329 269 quandoque
353 224 617 265 concessero,
642 223 739 252 cum
762 208 889 251 laude
914 210 960 251 et
981 208 1108 252 bonis
1128 208 1502 252 recordationibus
1522 211 1640 253 facta

71 275 201 328 atque
225 272 389 315 famam
419 269 605 312 nominis
637 268 724 310 mei
754 267 1100 336 prosequantur?
1149 267 1429 324 perstititque
1454 269 1639 324 posthac

71 331 250 374 secretis
287 330 419 373 etiam
456 327 726 371 sermonibus
767 328 990 383 aspernari
1020 327 1154 370 talem
1186 327 1255 369 sui
1285 327 1460 370 cultum.
1524 328 1640 385 quod

72 391 148 433 alii
188 389 465 444 modestiam,
506 387 650 444 multi,
691 387 792 444 quia
833 386 1066 442 diffideret,
1107 386 1284 442 quidam
1324 390 1374 429 ut
1413 387 1637 444 degeneris
1666 401 1710 435 15

72 450 205 493 animi
241 448 652 517 interpretabantur.
715 449 916 502 optumos
949 446 1108 502 quippe
1140 445 1392 488 mortalium
1424 447 1640 490 altissima

71 523 246 564 cupere3
290 509 351 551 sic
390 506 623 550 Herculem
666 507 710 548 et
748 505 952 549 Liberum
997 505 1112 561 apud
1153 505 1362 562 Graecos,
1408 505 1639 556 Quirinum

72 568 187 624 apud
216 583 296 611 nos
329 567 455 610 deum
485 580 663 608 numero
696 565 880 608 additos.
942 565 1099 607 melius
1130 563 1379 621 Augustum
1389 599 1400 622 ⁷
1439 567 1513 622 qui
1544 581 1639 623 spe-

69 627 244 670 raverit.
304 629 447 669 cetera
476 625 744 681 principibus
777 625 926 667 statim
959 625 1127 667 adesse.
1158 639 1294 667 unum
1331 625 1640 668 insatiabiliter

68 687 328 742 parandum,
365 699 621 741 prosperam
659 685 726 726 sui
765 684 1036 740 memoriam3
1073 699 1175 726 nam
1213 686 1467 740 contemptu
1497 685 1639 729 famae
1665 699 1712 732 20

71 746 286 789 contemni
317 745 512 788 virtutes,

188 804 250 847 At
275 803 458 847 Seianus
483 803 618 846 nimia
642 802 819 846 fortuna
844 817 991 845 socors
1018 804 1061 845 et
1086 802 1289 845 muliebri
1320 803 1497 859 insuper
1522 804 1640 860 cupi·
1654 807 1711 850 39

70 863 169 906 dine
201 864 417 920 incensus,
456 863 719 919 promissum
756 862 1083 905 matrimonium
1114 862 1340 919 flagitante
1372 862 1497 905 Livia
1527 877 1643 906 com-

68 924 194 979 ponit
224 923 278 966 ad
309 922 538 966 Caesarem
576 922 818 977 codicillos3
858 922 993 964 moris
1031 921 1187 977 quippe
1225 924 1321 964 tum
1358 925 1452 965 erat
1489 937 1642 979 quam-

72 997 203 1038 quam
232 984 504 1039 praesentem
535 982 699 1037 scripto
732 982 862 1024 adire.
925 981 1016 1023 eius
1054 982 1156 1023 talis
1193 981 1335 1023 forma
1370 981 1474 1025 fuit:
1511 983 1640 1025 bene-

69 1043 263 1085 volentia
302 1042 438 1097 patris
479 1041 669 1096 Augusti
707 1043 750 1083 et
786 1055 888 1083 mox
924 1040 1123 1095 plurimis
1164 1040 1329 1082 Tiberii
1366 1041 1538 1084 iudiciis
1575 1043 1640 1085 ita
1666 1055 1688 1088 5

70 1101 327 1153 insuevisse,
365 1104 413 1143 ut
451 1115 550 1156 spes
587 1102 774 1156 votaque
813 1115 891 1143 sua
927 1113 1015 1142 non
1051 1100 1171 1155 prius
1204 1099 1259 1141 ad
1289 1100 1392 1143 deos
1425 1115 1555 1157 quam
1587 1101 1642 1144 ad

70 1161 318 1216 principum
349 1174 474 1203 aures
501 1159 725 1202 conferret.
774 1173 913 1215 neque
943 1159 1161 1215 fulgorem
1191 1159 1405 1202 honorum
1435 1176 1642 1229 umquam

70 1223 314 1276 precatum3
354 1220 556 1262 excubias
589 1233 639 1262 ac
669 1219 861 1275 labores,
897 1221 946 1260 ut
976 1233 1110 1260 unum
1142 1233 1164 1261 e
1196 1219 1427 1276 militibus,
1464 1235 1545 1276 pro
1576 1221 1642 1263 in-

70 1279 321 1322 columitate
358 1278 633 1334 imperatoris
672 1279 817 1321 malle.
879 1292 929 1320 ac
965 1281 1111 1321 tamen
1152 1278 1267 1334 quod
1296 1279 1638 1333 pulcherrimum

72 1338 299 1394 adeptum,
347 1340 397 1380 ut
439 1337 738 1381 coniunctione
782 1337 982 1380 Caesaris
1027 1337 1182 1393 dignus
1227 1338 1489 1381 crederetur:
1538 1339 1641 1382 111118

71 1397 245 1440 initium
283 1397 386 1454 spei.
448 1400 491 1439 et
528 1397 733 1452 quoniam
772 1397 986 1439 audiverit
1015 1396 1266 1452 Augustum
1298 1397 1343 1439 in
1375 1399 1642 1441 conlocanda

71 1457 164 1499 filia
211 1471 301 1499 non
349 1456 461 1498 nihil
512 1456 645 1498 etiam
695 1456 746 1499 de
796 1456 1014 1511 equitibus
1059 1455 1270 1498 Romanis
1315 1458 1644 1514 consultavisse‚

71 1517 152 1572 ita,
191 1516 228 1559 si
258 1516 442 1558 maritus
473 1515 624 1558 Liviae
656 1518 950 1572 quaereretur,
986 1515 1169 1558 haberet
1199 1515 1243 1557 in
1277 1516 1422 1559 animo
1456 1518 1644 1560 amicum

74 1576 167 1618 sola
203 1575 534 1618 necessitudinis
573 1575 714 1631 gloria
750 1590 940 1617 usurum.
999 1589 1087 1617 non
1118 1574 1234 1616 enim
1266 1589 1419 1618 exuere
1450 1577 1643 1632 inposita

73 1634 241 1690 munia3
297 1635 403 1677 satis
459 1634 689 1677 aestimare
744 1634 911 1677 firmari
966 1634 1142 1676 domum
1193 1634 1421 1677 adversum
1469 1637 1641 1692 iniquas

72 1694 345 1750 Agrippinae
378 1694 653 1750 offensiones,
685 1694 813 1750 idque
845 1694 1081 1736 liberorum
1107 1708 1249 1737 causa.
1298 1708 1401 1737 nam
1427 1695 1512 1738 sibi
1538 1696 1644 1738 mul-

73 1755 167 1796 tum
198 1768 413 1810 superque
444 1753 561 1796 vitae
592 1753 703 1805 fore,
742 1753 856 1809 quod
892 1753 973 1795 tali
1011 1768 1108 1796 cum
1146 1753 1340 1810 principe
1373 1756 1644 1810 explevisset.

1668 1343 1725 1385 10-

1670 1648 1716 1681 15

130 1896 185 1928 12.
218 1884 319 1928 111)81·
349 1893 565 1939 quandoque
591 1893 686 1928 statt
709 1904 826 1938 quan-

76 1940 228 1985 doc-amq
228 1951 273 1976 ue
306 1953 333 1976 s.
359 1952 404 1975 zu
431 1946 468 1985 1,
496 1945 528 1975 6.
561 1960 605 1966 -
638 1941 827 1976 concedere

80 1951 228 2024 ohnemq
203 1987 276 2022 den
293 1986 448 2023 Ablativ
472 1987 549 2022 vita
576 1986 672 2022 auch
693 1991 748 2030 13,
768 1991 825 2023 30.

79 2034 223 2070 Anders
244 2039 280 2078 3,
294 2038 340 2070 30
361 2045 560 2071 concessere
577 2035 666 2070 vita.
692 2034 825 2070 Beides

78 2082 129 2118 ist
154 2081 377 2118 Taciteisch.
427 2082 608 2127 Dagegen
639 2083 725 2127 sagt
750 2081 824 2117 Cic.

80 2130 182 2166 Brut.
205 2132 237 2175 1,
257 2133 280 2165 4
305 2141 323 2165 e
347 2131 425 2165 vita
449 2130 564 2165 cessit.

131 2186 187 2218 15.
227 2183 396 2228 deyeraer,
426 2182 490 2218 bei
516 2182 668 2218 Tacitus
694 2181 831 2227 haufig,

80 2229 133 2266 ist
155 2227 327 2275 poetisch
351 2230 428 2266 und
459 2228 758 2272 nachklassisch,
792 2230 832 2265 in

82 2277 150 2313 der
174 2276 292 2313 Prosa
315 2279 440 2314 zuerst
463 2278 525 2313 bei
549 2277 628 2313 Liv.
648 2280 707 2322 25,
726 2280 783 2312 40.

129 2339 184 2373 18.
221 2337 351 2373 melius
374 2337 596 2382 Auyustum.
634 2327 736 2372 111181·
767 2335 826 2371 die

80 2383 226 2430 Ellipse
273 2384 339 2420 der
375 2384 501 2420 Verba
543 2384 681 2430 agendi
717 2395 745 2419 s.
784 2395 828 2419 zu

82 2435 100 2466 ¹
110 2458 120 2476 ⁹
131 2435 191 2521 111
196 2460 471 2521 ‘insatiabiliter
491 2483 609 2521 findet
620 2484 699 2520 sich
713 2484 829 2520 sehon

79 2530 142 2567 bei
172 2532 336 2577 Lukrez,
374 2531 472 2568 fehlt
503 2533 593 2568 aber
623 2532 663 2567 in
694 2532 828 2568 klassi-

81 2580 190 2615 scher
213 2579 339 2617 Prosa.

127 2637 191 2675 39.
235 2642 268 2674 2.
312 2638 436 2675 Livia.
481 2638 567 2684 Vgl.
601 2650 658 2684 cp.
686 2642 825 2674 7—11.

82 2685 193 2730 Sejan
205 2686 312 2722 hatte
325 2685 385 2721 ihr
398 2686 459 2722 die
472 2686 550 2722 Ehe
564 2687 825 2732 versprochen,

79 2743 188 2768 wenn
216 2733 270 2769 sie
296 2733 367 2769 den
392 2732 534 2769 Drusus
558 2734 731 2780 vergifte.

131 2795 162 2827 3.
194 2791 263 2828 Die
290 2792 406 2838 Sitte,
432 2791 640 2829 schriftlich
665 2790 736 2828 mit
761 2793 827 2828 der

83 2839 306 2885 Umgebung
354 2853 398 2875 zu
446 2840 671 2884 verkehren‚
719 2840 825 2876 hatte

82 2886 198 2922 sehon
217 2885 341 2933 Casar,
365 2899 429 2924 um
450 2886 531 2924 Zeit
555 2900 599 2924 zu
618 2887 824 2934 gewinnen,

153 2951 222 2978 Tac.
242 2951 351 2980 Annal.
368 2953 394 2980 Ι.

897 1892 1112 1975 {inlgefuhrt
1153 1894 1255 1929 und
1272 1893 1465 1940 Augustus
1515 1894 1643 1948 beibe—

925 1951 947 1975 a
963 1942 1028 1975 ten

952 1990 1007 2022 10
1034 1987 1288 2024 coniunctione
1314 1987 1493 2032 Caesaris,
1519 1987 1647 2025 indem

900 2034 1036 2079 Sejans
1073 2034 1237 2071 Tochter
1278 2035 1338 2071 ffir
1372 2035 1530 2080 Drusus,
1575 2036 1648 2072 den

903 2081 1007 2117 Sohn
1033 2081 1098 2118 des
1126 2081 1314 2128 Claudius,
1340 2083 1535 2119 bestimmt
1558 2096 1646 2120 war.

953 2133 1007 2165 12.
1032 2130 1126 2175 filia,
1151 2112 1317 2165 n‘amlicli
1340 2129 1452 2166 Julia.
1480 2152 1525 2157 —-
1550 2133 1649 2177 cqui-

903 2177 1011 2212 tibus
1044 2176 1128 2223 Vgl.
1150 2188 1195 2224 cp
1198 2181 1272 2214 ‚40
1300 2177 1337 2214 0.
1358 2178 1591 2215 ,Proculeium
1616 2183 1650 2216 et

903 2224 1077 2270 quosdam
1100 2225 1143 2260 in
1166 2226 1390 2262 sermonibus
1412 2226 1552 2263 habuit.

951 2274 1008 2307 15.
1051 2273 1242 2309 aestimare
1282 2273 1398 2309 heisst
1432 2274 1538 2311 nicht
1578 2286 1651 2310 nur

903 2318 1131 2364 „taxieren‘‚
1174 2321 1334 2357 sondern
1377 2322 1474 2357 auch
1517 2323 1650 2368 ,11,8111-

898 2366 1031 2411 teilen,
1068 2380 1114 2403 zu
1147 2368 1320 2404 schatzen
1357 2369 1516 2405 wissen“
1524 2370 1647 2416 3ng

900 2413 992 2459 Agr.
1019 2418 1066 2450 40
1102 2416 1235 2460 quibus
1267 2427 1420 2462 maynos
1453 2417 1552 2453 viros
1577 2428 1650 2462 per

901 2462 1134 2498 ambitionem
1159 2464 1351 2499 aestimare
1376 2474 1452 2499 mos
1470 2468 1531 2500 est.
1557 2464 1647 2501 hist.

901 2514 940 2554 2,
966 2513 1012 2544 23
1050 2511 1174 2546 omnia
1216 2511 1349 2547 ducum
1390 2511 1492 2555 facta
1528 2522 1648 2557 prave

901 2557 1187 2593 aestimantibus.
1226 2569 1310 2594 ann.
1333 2562 1390 2602 13,
1409 2562 1454 2593 42
1481 2570 1533 2594 an
1562 2570 1648 2605 yra-

899 2605 982 2639 vius
1001 2605 1278 2641 aestimandum.
1306 2605 1434 2641 Selten
1454 2606 1515 2642 bei
1535 2606 1646 2643 Klas-

898 2651 1039 2695 sikern,
1071 2651 1142 2688 wie
1168 2651 1247 2688 Cas.
1274 2652 1310 2688 b.
1336 2665 1373 2698 g.
1401 2657 1432 2697 7,
1455 2658 1500 2689 14
1531 2655 1647 2692 multo

897 2699 966 2734 illa
989 2700 1141 2743 yravius
1165 2701 1366 2736 aestimare.
1392 2700 1428 2739 b.
1450 2700 1520 2738 civ.
1541 2705 1575 2747 3,
1598 2705 1645 2738 26

898 2747 1079 2791 leviusque
1114 2748 1333 2793 tempestatis
1368 2759 1478 2793 quam
1515 2749 1646 2786 classis

891 2794 1099 2839 periculum
1123 2796 1416 2832 aestimaverunt.

948 2845 1002 2877 16.
1035 2842 1188 2878 multum
1219 2854 1397 2889 superque
1428 2844 1522 2880 statt
1550 2845 1643 2881 satis

898 2899 1076 2934 superque
1100 2889 1151 2925 ist
1175 2888 1240 2926 ἅπ.
1268 2890 1335 2936 εἰρ.

1319 2953 1362 2986 15
