<?xml version="1.0" encoding="UTF-8"?>
<!DOCTYPE html PUBLIC "-//W3C//DTD XHTML 1.0 Transitional//EN"
    "http://www.w3.org/TR/xhtml1/DTD/xhtml1-transitional.dtd">
<html xmlns="http://www.w3.org/1999/xhtml" xml:lang="en" lang="en">
 <head>
  <title>
</title>
<meta http-equiv="Content-Type" content="text/html;charset=utf-8" />
  <meta name='ocr-system' content='tesseract 3.04.00' />
  <meta name='ocr-capabilities' content='ocr_page ocr_carea ocr_par ocr_line ocrx_word'/>
</head>
<body>
  <div class='ocr_page' id='page_1' title='image "./dieannalen01taciuoft_0086.png"; bbox 0 0 1774 3100; ppageno 0'>
   <div class='ocr_carea' id='block_1_1' title="bbox 103 1077 162 1120">
    <p class='ocr_par' dir='ltr' id='par_1_1' title="bbox 103 1077 162 1120">
     <span class='ocr_line' id='line_1_1' title="bbox 103 1077 162 1120; baseline 0 0"><span class='ocrx_word' id='word_1_1' title='bbox 103 1077 162 1120; x_wconf 80' lang='lat'>52</span> 
     </span>
    </p>
   </div>
   <div class='ocr_carea' id='block_1_2' title="bbox 98 1614 158 1657">
    <p class='ocr_par' dir='ltr' id='par_1_2' title="bbox 98 1614 158 1657">
     <span class='ocr_line' id='line_1_2' title="bbox 98 1614 158 1657; baseline 0 0"><span class='ocrx_word' id='word_1_2' title='bbox 98 1614 158 1657; x_wconf 79' lang='lat'>53</span> 
     </span>
    </p>
   </div>
   <div class='ocr_carea' id='block_1_3' title="bbox 188 77 1320 119">
    <p class='ocr_par' dir='ltr' id='par_1_3' title="bbox 188 77 1320 119">
     <span class='ocr_line' id='line_1_3' title="bbox 188 77 1320 119; baseline -0.004 0"><span class='ocrx_word' id='word_1_3' title='bbox 188 77 245 119; x_wconf 80' lang='lat'>74</span> <span class='ocrx_word' id='word_1_4' title='bbox 613 79 845 116; x_wconf 83' lang='lat' dir='ltr'>CORNELII</span> <span class='ocrx_word' id='word_1_5' title='bbox 870 79 1036 116; x_wconf 88' lang='lat' dir='ltr'>TACITI</span> <span class='ocrx_word' id='word_1_6' title='bbox 1061 78 1320 116; x_wconf 79' lang='lat' dir='ltr'>ANNALIUM</span> 
     </span>
    </p>
   </div>
   <div class='ocr_carea' id='block_1_4' title="bbox 185 181 1748 244">
    <p class='ocr_par' dir='ltr' id='par_1_4' title="bbox 185 181 1748 244">
     <span class='ocr_line' id='line_1_4' title="bbox 185 181 1748 244; baseline 0.001 -14"><span class='ocrx_word' id='word_1_7' title='bbox 185 201 292 242; x_wconf 90' lang='lat' dir='ltr'>quos</span> <span class='ocrx_word' id='word_1_8' title='bbox 324 188 531 230; x_wconf 88' lang='lat' dir='ltr'>exercitui</span> <span class='ocrx_word' id='word_1_9' title='bbox 555 202 787 244; x_wconf 83' lang='lat' dir='ltr'>regressus,</span> <span class='ocrx_word' id='word_1_10' title='bbox 817 187 1025 231; x_wconf 87' lang='lat' dir='ltr'>insedere.</span> <span class='ocrx_word' id='word_1_11' title='bbox 1080 181 1193 243; x_wconf 90' lang='lat' dir='ltr'>quod</span> <span class='ocrx_word' id='word_1_12' title='bbox 1219 200 1403 243; x_wconf 86' lang='lat' dir='ltr'>gnarum</span> <span class='ocrx_word' id='word_1_13' title='bbox 1429 188 1527 231; x_wconf 90' lang='lat' dir='ltr'>duci</span> <span class='ocrx_word' id='word_1_14' title='bbox 1551 188 1748 231; x_wconf 88' lang='lat' dir='ltr'>incessit-</span> 
     </span>
    </p>
   </div>
   <div class='ocr_carea' id='block_1_5' title="bbox 184 247 754 302">
    <p class='ocr_par' dir='ltr' id='par_1_5' title="bbox 184 247 754 302">
     <span class='ocr_line' id='line_1_5' title="bbox 184 247 754 302; baseline 0.002 -14"><span class='ocrx_word' id='word_1_15' title='bbox 184 261 266 302; x_wconf 90' lang='lat' dir='ltr'>que</span> <span class='ocrx_word' id='word_1_16' title='bbox 309 247 454 289; x_wconf 88' lang='lat' dir='ltr'>itineri</span> <span class='ocrx_word' id='word_1_17' title='bbox 497 249 541 289; x_wconf 92' lang='lat' dir='ltr'>et</span> <span class='ocrx_word' id='word_1_18' title='bbox 576 247 754 302; x_wconf 90' lang='lat' dir='ltr'>proelio.</span> 
     </span>
    </p>
   </div>
   <div class='ocr_carea' id='block_1_6' title="bbox 822 246 1750 303">
    <p class='ocr_par' dir='ltr' id='par_1_6' title="bbox 822 246 1750 303">
     <span class='ocr_line' id='line_1_6' title="bbox 822 246 1750 303; baseline 0.001 -13"><span class='ocrx_word' id='word_1_19' title='bbox 822 261 924 302; x_wconf 89' lang='lat' dir='ltr'>pars</span> <span class='ocrx_word' id='word_1_20' title='bbox 964 247 1156 303; x_wconf 86' lang='lat' dir='ltr'>equitum</span> <span class='ocrx_word' id='word_1_21' title='bbox 1187 249 1232 289; x_wconf 91' lang='lat' dir='ltr'>et</span> <span class='ocrx_word' id='word_1_22' title='bbox 1269 247 1518 290; x_wconf 83' lang='lat' dir='ltr'>auxiliariae</span> <span class='ocrx_word' id='word_1_23' title='bbox 1550 246 1750 291; x_wconf 82' lang='lat' dir='ltr'>cohortes</span> 
     </span>
    </p>
   </div>
   <div class='ocr_carea' id='block_1_7' title="bbox 123 305 1751 893">
    <p class='ocr_par' dir='ltr' id='par_1_7' title="bbox 123 305 1751 893">
     <span class='ocr_line' id='line_1_7' title="bbox 125 305 1751 362; baseline 0 -14"><span class='ocrx_word' id='word_1_24' title='bbox 125 321 169 353; x_wconf 91' lang='lat'>10</span> <span class='ocrx_word' id='word_1_25' title='bbox 185 306 415 359; x_wconf 88' lang='lat' dir='ltr'>ducebant,</span> <span class='ocrx_word' id='word_1_26' title='bbox 446 321 547 349; x_wconf 86' lang='lat' dir='ltr'>mox</span> <span class='ocrx_word' id='word_1_27' title='bbox 577 307 719 361; x_wconf 89' lang='lat' dir='ltr'>prima</span> <span class='ocrx_word' id='word_1_28' title='bbox 748 306 883 362; x_wconf 84' lang='lat' dir='ltr'>legio,</span> <span class='ocrx_word' id='word_1_29' title='bbox 914 308 957 348; x_wconf 91' lang='lat' dir='ltr'>et</span> <span class='ocrx_word' id='word_1_30' title='bbox 988 305 1139 348; x_wconf 90' lang='lat' dir='ltr'>mediis</span> <span class='ocrx_word' id='word_1_31' title='bbox 1177 306 1496 361; x_wconf 82' lang='lat' dir='ltr'>impedimentis</span> <span class='ocrx_word' id='word_1_32' title='bbox 1529 306 1751 349; x_wconf 85' lang='lat' dir='ltr'>sinistrum</span> 
     </span>
     <span class='ocr_line' id='line_1_8' title="bbox 182 364 1750 421; baseline 0.001 -14"><span class='ocrx_word' id='word_1_33' title='bbox 182 365 297 407; x_wconf 91' lang='lat' dir='ltr'>latus</span> <span class='ocrx_word' id='word_1_34' title='bbox 340 366 744 421; x_wconf 88' lang='lat' dir='ltr'>unetvicensimani,</span> <span class='ocrx_word' id='word_1_35' title='bbox 784 365 983 407; x_wconf 87' lang='lat' dir='ltr'>dextrum</span> <span class='ocrx_word' id='word_1_36' title='bbox 1020 365 1219 420; x_wconf 88' lang='lat' dir='ltr'>quintani</span> <span class='ocrx_word' id='word_1_37' title='bbox 1264 365 1472 417; x_wconf 89' lang='lat' dir='ltr'>clausere,</span> <span class='ocrx_word' id='word_1_38' title='bbox 1515 364 1750 408; x_wconf 85' lang='lat' dir='ltr'>vicensima</span> 
     </span>
     <span class='ocr_line' id='line_1_9' title="bbox 181 423 1749 480; baseline 0.002 -15"><span class='ocrx_word' id='word_1_39' title='bbox 181 424 296 479; x_wconf 86' lang='lat' dir='ltr'>legio</span> <span class='ocrx_word' id='word_1_40' title='bbox 327 427 451 480; x_wconf 87' lang='lat' dir='ltr'>terga</span> <span class='ocrx_word' id='word_1_41' title='bbox 481 425 688 479; x_wconf 86' lang='lat' dir='ltr'>firmavit,</span> <span class='ocrx_word' id='word_1_42' title='bbox 718 427 819 480; x_wconf 91' lang='lat' dir='ltr'>post</span> <span class='ocrx_word' id='word_1_43' title='bbox 850 424 981 467; x_wconf 88' lang='lat' dir='ltr'>ceteri</span> <span class='ocrx_word' id='word_1_44' title='bbox 1013 424 1240 467; x_wconf 85' lang='lat' dir='ltr'>sociorum.</span> <span class='ocrx_word' id='word_1_45' title='bbox 1301 423 1375 466; x_wconf 89' lang='lat' dir='ltr'>sed</span> <span class='ocrx_word' id='word_1_46' title='bbox 1405 424 1574 479; x_wconf 89' lang='lat' dir='ltr'>hostes,</span> <span class='ocrx_word' id='word_1_47' title='bbox 1613 424 1749 468; x_wconf 86' lang='lat' dir='ltr'>donec</span> 
     </span>
     <span class='ocr_line' id='line_1_10' title="bbox 181 483 1749 540; baseline 0.001 -16"><span class='ocrx_word' id='word_1_48' title='bbox 181 496 336 539; x_wconf 85' lang='lat' dir='ltr'>agmen</span> <span class='ocrx_word' id='word_1_49' title='bbox 367 498 445 539; x_wconf 91' lang='lat' dir='ltr'>per</span> <span class='ocrx_word' id='word_1_50' title='bbox 475 484 611 526; x_wconf 89' lang='lat' dir='ltr'>saltus</span> <span class='ocrx_word' id='word_1_51' title='bbox 642 484 946 540; x_wconf 86' lang='lat' dir='ltr'>porrigeretur,</span> <span class='ocrx_word' id='word_1_52' title='bbox 976 483 1158 538; x_wconf 90' lang='lat' dir='ltr'>immoti,</span> <span class='ocrx_word' id='word_1_53' title='bbox 1189 483 1287 524; x_wconf 91' lang='lat' dir='ltr'>dein</span> <span class='ocrx_word' id='word_1_54' title='bbox 1317 483 1455 525; x_wconf 88' lang='lat' dir='ltr'>latera</span> <span class='ocrx_word' id='word_1_55' title='bbox 1487 485 1530 526; x_wconf 88' lang='lat' dir='ltr'>et</span> <span class='ocrx_word' id='word_1_56' title='bbox 1561 483 1749 526; x_wconf 88' lang='lat' dir='ltr'>frontem</span> 
     </span>
     <span class='ocr_line' id='line_1_11' title="bbox 181 540 1749 598; baseline 0 -14"><span class='ocrx_word' id='word_1_57' title='bbox 181 542 347 586; x_wconf 86' lang='lat' dir='ltr'>modice</span> <span class='ocrx_word' id='word_1_58' title='bbox 379 542 661 598; x_wconf 73' lang='lat' dir='ltr'>adsultantes,</span> <span class='ocrx_word' id='word_1_59' title='bbox 691 545 787 585; x_wconf 90' lang='lat' dir='ltr'>tota</span> <span class='ocrx_word' id='word_1_60' title='bbox 811 543 854 585; x_wconf 86' lang='lat' dir='ltr'>vi</span> <span class='ocrx_word' id='word_1_61' title='bbox 878 542 1136 585; x_wconf 89' lang='lat' dir='ltr'>novissimos</span> <span class='ocrx_word' id='word_1_62' title='bbox 1162 542 1387 584; x_wconf 88' lang='lat' dir='ltr'>incurrere.</span> <span class='ocrx_word' id='word_1_63' title='bbox 1442 540 1749 585; x_wconf 85' lang='lat' dir='ltr'>turbabantur-</span> 
     </span>
     <span class='ocr_line' id='line_1_12' title="bbox 123 599 1750 656; baseline 0.001 -13"><span class='ocrx_word' id='word_1_64' title='bbox 123 622 166 655; x_wconf 85' lang='lat'>15</span> <span class='ocrx_word' id='word_1_65' title='bbox 181 615 265 656; x_wconf 89' lang='lat' dir='ltr'>que</span> <span class='ocrx_word' id='word_1_66' title='bbox 301 601 442 644; x_wconf 90' lang='lat' dir='ltr'>densis</span> <span class='ocrx_word' id='word_1_67' title='bbox 477 601 789 644; x_wconf 84' lang='lat' dir='ltr'>Germanorum</span> <span class='ocrx_word' id='word_1_68' title='bbox 831 601 1015 644; x_wconf 88' lang='lat' dir='ltr'>catervis</span> <span class='ocrx_word' id='word_1_69' title='bbox 1055 601 1169 643; x_wconf 88' lang='lat' dir='ltr'>leves</span> <span class='ocrx_word' id='word_1_70' title='bbox 1202 601 1420 655; x_wconf 87' lang='lat' dir='ltr'>cohortes,</span> <span class='ocrx_word' id='word_1_71' title='bbox 1459 615 1557 644; x_wconf 91' lang='lat' dir='ltr'>cum</span> <span class='ocrx_word' id='word_1_72' title='bbox 1588 599 1750 644; x_wconf 80' lang='lat' dir='ltr'>Caesar</span> 
     </span>
     <span class='ocr_line' id='line_1_13' title="bbox 181 659 1749 716; baseline 0 -14"><span class='ocrx_word' id='word_1_73' title='bbox 181 660 384 703; x_wconf 84' lang='lat' dir='ltr'>advectus</span> <span class='ocrx_word' id='word_1_74' title='bbox 423 661 476 703; x_wconf 90' lang='lat' dir='ltr'>ad</span> <span class='ocrx_word' id='word_1_75' title='bbox 514 661 831 703; x_wconf 87' lang='lat' dir='ltr'>vicensimanos</span> <span class='ocrx_word' id='word_1_76' title='bbox 863 674 968 703; x_wconf 89' lang='lat' dir='ltr'>voce</span> <span class='ocrx_word' id='word_1_77' title='bbox 1009 673 1168 716; x_wconf 83' lang='lat' dir='ltr'>magna</span> <span class='ocrx_word' id='word_1_78' title='bbox 1204 659 1287 702; x_wconf 91' lang='lat' dir='ltr'>hoc</span> <span class='ocrx_word' id='word_1_79' title='bbox 1325 659 1435 701; x_wconf 91' lang='lat' dir='ltr'>illud</span> <span class='ocrx_word' id='word_1_80' title='bbox 1472 662 1644 715; x_wconf 87' lang='lat' dir='ltr'>tempus</span> <span class='ocrx_word' id='word_1_81' title='bbox 1675 660 1749 703; x_wconf 93' lang='lat' dir='ltr'>ob-</span> 
     </span>
     <span class='ocr_line' id='line_1_14' title="bbox 179 718 1747 775; baseline 0.001 -15"><span class='ocrx_word' id='word_1_82' title='bbox 179 718 439 762; x_wconf 86' lang='lat' dir='ltr'>litterandae</span> <span class='ocrx_word' id='word_1_83' title='bbox 466 719 689 762; x_wconf 75' lang='lat' dir='ltr'>seditionis</span> <span class='ocrx_word' id='word_1_84' title='bbox 716 719 987 762; x_wconf 89' lang='lat' dir='ltr'>clamitabat:</span> <span class='ocrx_word' id='word_1_85' title='bbox 1011 720 1254 775; x_wconf 85' lang='lat' dir='ltr'>pergerent,</span> <span class='ocrx_word' id='word_1_86' title='bbox 1271 721 1556 774; x_wconf 83' lang='lat' dir='ltr'>properarent</span> <span class='ocrx_word' id='word_1_87' title='bbox 1574 719 1747 774; x_wconf 84' lang='lat' dir='ltr'>culpam</span> 
     </span>
     <span class='ocr_line' id='line_1_15' title="bbox 178 777 1746 845; baseline 0.001 -26"><span class='ocrx_word' id='word_1_88' title='bbox 178 778 223 819; x_wconf 91' lang='lat' dir='ltr'>in</span> <span class='ocrx_word' id='word_1_89' title='bbox 256 777 384 821; x_wconf 89' lang='lat' dir='ltr'>decus</span> <span class='ocrx_word' id='word_1_90' title='bbox 416 781 592 821; x_wconf 88' lang='lat' dir='ltr'>vertere</span> <span class='ocrx_word' id='word_1_91' title='bbox 656 793 852 821; x_wconf 85' lang='lat' dir='ltr'>exarsere</span> <span class='ocrx_word' id='word_1_92' title='bbox 884 778 1040 820; x_wconf 90' lang='lat' dir='ltr'>animis</span> <span class='ocrx_word' id='word_1_93' title='bbox 1078 792 1249 833; x_wconf 91' lang='lat' dir='ltr'>unoque</span> <span class='ocrx_word' id='word_1_94' title='bbox 1289 778 1456 833; x_wconf 89' lang='lat' dir='ltr'>impetu</span> <span class='ocrx_word' id='word_1_95' title='bbox 1495 780 1746 845; x_wconf 80' lang='lat' dir='ltr'>perruptum</span> 
     </span>
     <span class='ocr_line' id='line_1_16' title="bbox 177 836 1745 893; baseline 0.001 -15"><span class='ocrx_word' id='word_1_96' title='bbox 177 836 348 879; x_wconf 83' lang='lat' dir='ltr'>hostem</span> <span class='ocrx_word' id='word_1_97' title='bbox 384 837 587 893; x_wconf 84' lang='lat' dir='ltr'>redigunt</span> <span class='ocrx_word' id='word_1_98' title='bbox 624 837 670 879; x_wconf 90' lang='lat' dir='ltr'>in</span> <span class='ocrx_word' id='word_1_99' title='bbox 707 840 855 892; x_wconf 90' lang='lat' dir='ltr'>aperta</span> <span class='ocrx_word' id='word_1_100' title='bbox 893 837 1179 893; x_wconf 79' lang='lat' dir='ltr'>caeduntque3</span> <span class='ocrx_word' id='word_1_101' title='bbox 1223 837 1351 879; x_wconf 89' lang='lat' dir='ltr'>simul</span> <span class='ocrx_word' id='word_1_102' title='bbox 1395 837 1524 892; x_wconf 89' lang='lat' dir='ltr'>primi</span> <span class='ocrx_word' id='word_1_103' title='bbox 1562 837 1745 893; x_wconf 83' lang='lat' dir='ltr'>agminis</span> 
     </span>
    </p>
   </div>
   <div class='ocr_carea' id='block_1_8' title="bbox 118 896 1338 962">
    <p class='ocr_par' dir='ltr' id='par_1_8' title="bbox 118 896 1338 962">
     <span class='ocr_line' id='line_1_17' title="bbox 118 896 1338 962; baseline -0.001 -24"><span class='ocrx_word' id='word_1_104' title='bbox 118 911 164 944; x_wconf 83' lang='lat'>20</span> <span class='ocrx_word' id='word_1_105' title='bbox 181 910 330 951; x_wconf 72' lang='lat' dir='ltr'>coplae</span> <span class='ocrx_word' id='word_1_106' title='bbox 369 911 542 939; x_wconf 74' lang='lat' dir='ltr'>evasere</span> <span class='ocrx_word' id='word_1_107' title='bbox 581 896 712 938; x_wconf 71' lang='lat' dir='ltr'>Silvas</span> <span class='ocrx_word' id='word_1_108' title='bbox 745 898 971 962; x_wconf 46' lang='lat' dir='ltr'>castraque.</span> <span class='ocrx_word' id='word_1_109' title='bbox 1009 896 1338 938; x_wconf 70' lang='lat' dir='ltr'>communivere.</span> 
     </span>
    </p>
   </div>
   <div class='ocr_carea' id='block_1_9' title="bbox 1412 895 1746 951">
    <p class='ocr_par' dir='ltr' id='par_1_9' title="bbox 1412 895 1746 951">
     <span class='ocr_line' id='line_1_18' title="bbox 1412 895 1746 951; baseline 0.003 -14"><span class='ocrx_word' id='word_1_110' title='bbox 1412 896 1604 951; x_wconf 87' lang='lat' dir='ltr'>quietum</span> <span class='ocrx_word' id='word_1_111' title='bbox 1647 895 1746 938; x_wconf 88' lang='lat' dir='ltr'>inde</span> 
     </span>
    </p>
   </div>
   <div class='ocr_carea' id='block_1_10' title="bbox 179 954 1744 1011">
    <p class='ocr_par' dir='ltr' id='par_1_10' title="bbox 179 954 1744 1011">
     <span class='ocr_line' id='line_1_19' title="bbox 179 954 1744 1011; baseline 0.001 -15"><span class='ocrx_word' id='word_1_112' title='bbox 179 955 272 1010; x_wconf 85' lang='lat' dir='ltr'>iter,</span> <span class='ocrx_word' id='word_1_113' title='bbox 303 955 522 1011; x_wconf 88' lang='lat' dir='ltr'>fidensque</span> <span class='ocrx_word' id='word_1_114' title='bbox 553 955 797 998; x_wconf 85' lang='lat' dir='ltr'>recentibus</span> <span class='ocrx_word' id='word_1_115' title='bbox 826 970 875 998; x_wconf 88' lang='lat' dir='ltr'>ac</span> <span class='ocrx_word' id='word_1_116' title='bbox 905 954 1100 1010; x_wconf 87' lang='lat' dir='ltr'>priorum</span> <span class='ocrx_word' id='word_1_117' title='bbox 1133 955 1293 997; x_wconf 88' lang='lat' dir='ltr'>oblitus</span> <span class='ocrx_word' id='word_1_118' title='bbox 1320 955 1444 997; x_wconf 90' lang='lat' dir='ltr'>miles</span> <span class='ocrx_word' id='word_1_119' title='bbox 1476 955 1520 997; x_wconf 87' lang='lat' dir='ltr'>in</span> <span class='ocrx_word' id='word_1_120' title='bbox 1550 954 1744 997; x_wconf 89' lang='lat' dir='ltr'>hibernis</span> 
     </span>
    </p>
   </div>
   <div class='ocr_carea' id='block_1_11' title="bbox 176 1013 356 1056">
    <p class='ocr_par' dir='ltr' id='par_1_11' title="bbox 176 1013 356 1056">
     <span class='ocr_line' id='line_1_20' title="bbox 176 1013 356 1056; baseline 0.011 -2"><span class='ocrx_word' id='word_1_121' title='bbox 176 1013 356 1056; x_wconf 89' lang='lat' dir='ltr'>locatur.</span> 
     </span>
    </p>
   </div>
   <div class='ocr_carea' id='block_1_12' title="bbox 174 1071 1746 1245">
    <p class='ocr_par' dir='ltr' id='par_1_12' title="bbox 174 1071 1746 1245">
     <span class='ocr_line' id='line_1_21' title="bbox 295 1071 1746 1128; baseline 0.001 -14"><span class='ocrx_word' id='word_1_122' title='bbox 295 1072 508 1115; x_wconf 89' lang='lat' dir='ltr'>Nuntiata</span> <span class='ocrx_word' id='word_1_123' title='bbox 539 1087 590 1114; x_wconf 91' lang='lat' dir='ltr'>ea</span> <span class='ocrx_word' id='word_1_124' title='bbox 614 1072 834 1115; x_wconf 86' lang='lat' dir='ltr'>Tiberium</span> <span class='ocrx_word' id='word_1_125' title='bbox 865 1072 1036 1115; x_wconf 89' lang='lat' dir='ltr'>laetitia</span> <span class='ocrx_word' id='word_1_126' title='bbox 1066 1086 1251 1127; x_wconf 88' lang='lat' dir='ltr'>curaque</span> <span class='ocrx_word' id='word_1_127' title='bbox 1283 1071 1497 1127; x_wconf 87' lang='lat' dir='ltr'>adfecere,</span> <span class='ocrx_word' id='word_1_128' title='bbox 1529 1071 1746 1128; x_wconf 77' lang='lat' dir='ltr'>gaudebat</span> 
     </span>
     <span class='ocr_line' id='line_1_22' title="bbox 177 1131 1744 1187; baseline 0.001 -14"><span class='ocrx_word' id='word_1_129' title='bbox 177 1145 428 1186; x_wconf 86' lang='lat' dir='ltr'>oppressam</span> <span class='ocrx_word' id='word_1_130' title='bbox 455 1131 720 1186; x_wconf 83' lang='lat' dir='ltr'>seditionem,</span> <span class='ocrx_word' id='word_1_131' title='bbox 746 1131 819 1174; x_wconf 89' lang='lat' dir='ltr'>sed</span> <span class='ocrx_word' id='word_1_132' title='bbox 845 1131 959 1187; x_wconf 90' lang='lat' dir='ltr'>quod</span> <span class='ocrx_word' id='word_1_133' title='bbox 991 1131 1223 1186; x_wconf 85' lang='lat' dir='ltr'>largiendis</span> <span class='ocrx_word' id='word_1_134' title='bbox 1251 1131 1442 1186; x_wconf 88' lang='lat' dir='ltr'>pecuniis</span> <span class='ocrx_word' id='word_1_135' title='bbox 1468 1134 1513 1173; x_wconf 90' lang='lat' dir='ltr'>et</span> <span class='ocrx_word' id='word_1_136' title='bbox 1537 1131 1744 1174; x_wconf 89' lang='lat' dir='ltr'>missione</span> 
     </span>
     <span class='ocr_line' id='line_1_23' title="bbox 174 1189 1742 1245; baseline 0 -13"><span class='ocrx_word' id='word_1_137' title='bbox 174 1190 381 1233; x_wconf 83' lang='lat' dir='ltr'>festinata</span> <span class='ocrx_word' id='word_1_138' title='bbox 411 1190 603 1233; x_wconf 87' lang='lat' dir='ltr'>favorem</span> <span class='ocrx_word' id='word_1_139' title='bbox 636 1191 823 1234; x_wconf 87' lang='lat' dir='ltr'>militum</span> <span class='ocrx_word' id='word_1_140' title='bbox 855 1190 1157 1245; x_wconf 86' lang='lat' dir='ltr'>quaesivisset,</span> <span class='ocrx_word' id='word_1_141' title='bbox 1188 1190 1345 1232; x_wconf 91' lang='lat' dir='ltr'>bellica</span> <span class='ocrx_word' id='word_1_142' title='bbox 1370 1204 1539 1245; x_wconf 89' lang='lat' dir='ltr'>quoque</span> <span class='ocrx_word' id='word_1_143' title='bbox 1565 1189 1742 1233; x_wconf 87' lang='lat' dir='ltr'>Germa-</span> 
     </span>
    </p>
   </div>
   <div class='ocr_carea' id='block_1_13' title="bbox 173 1249 737 1306">
    <p class='ocr_par' dir='ltr' id='par_1_13' title="bbox 173 1249 737 1306">
     <span class='ocr_line' id='line_1_24' title="bbox 173 1249 737 1306; baseline 0.004 -15"><span class='ocrx_word' id='word_1_144' title='bbox 173 1249 259 1291; x_wconf 88' lang='lat' dir='ltr'>nici</span> <span class='ocrx_word' id='word_1_145' title='bbox 301 1250 440 1305; x_wconf 87' lang='lat' dir='ltr'>gloria</span> <span class='ocrx_word' id='word_1_146' title='bbox 484 1251 737 1306; x_wconf 84' lang='lat' dir='ltr'>angebatur.</span> 
     </span>
    </p>
   </div>
   <div class='ocr_carea' id='block_1_14' title="bbox 809 1249 1742 1292">
    <p class='ocr_par' dir='ltr' id='par_1_14' title="bbox 809 1249 1742 1292">
     <span class='ocr_line' id='line_1_25' title="bbox 809 1249 1742 1292; baseline 0.001 -1"><span class='ocrx_word' id='word_1_147' title='bbox 809 1250 957 1292; x_wconf 86' lang='lat' dir='ltr'>retulit</span> <span class='ocrx_word' id='word_1_148' title='bbox 999 1252 1147 1291; x_wconf 89' lang='lat' dir='ltr'>tamen</span> <span class='ocrx_word' id='word_1_149' title='bbox 1192 1249 1246 1292; x_wconf 89' lang='lat' dir='ltr'>ad</span> <span class='ocrx_word' id='word_1_150' title='bbox 1290 1253 1484 1292; x_wconf 88' lang='lat' dir='ltr'>senatum</span> <span class='ocrx_word' id='word_1_151' title='bbox 1525 1249 1576 1292; x_wconf 90' lang='lat' dir='ltr'>de</span> <span class='ocrx_word' id='word_1_152' title='bbox 1613 1249 1742 1292; x_wconf 88' lang='lat' dir='ltr'>rebus</span> 
     </span>
    </p>
   </div>
   <div class='ocr_carea' id='block_1_15' title="bbox 133 1308 1742 1954">
    <p class='ocr_par' dir='ltr' id='par_1_15' title="bbox 139 1308 1742 1599">
     <span class='ocr_line' id='line_1_26' title="bbox 139 1308 1741 1364; baseline 0 -14"><span class='ocrx_word' id='word_1_153' title='bbox 139 1309 308 1363; x_wconf 80' lang='lat' dir='ltr'>5gestis</span> <span class='ocrx_word' id='word_1_154' title='bbox 342 1309 563 1364; x_wconf 90' lang='lat' dir='ltr'>multaque</span> <span class='ocrx_word' id='word_1_155' title='bbox 596 1309 646 1351; x_wconf 91' lang='lat' dir='ltr'>de</span> <span class='ocrx_word' id='word_1_156' title='bbox 679 1309 838 1351; x_wconf 86' lang='lat' dir='ltr'>virtute</span> <span class='ocrx_word' id='word_1_157' title='bbox 870 1308 960 1350; x_wconf 91' lang='lat' dir='ltr'>eius</span> <span class='ocrx_word' id='word_1_158' title='bbox 993 1309 1269 1363; x_wconf 87' lang='lat' dir='ltr'>memoravit,</span> <span class='ocrx_word' id='word_1_159' title='bbox 1305 1308 1446 1364; x_wconf 89' lang='lat' dir='ltr'>magis</span> <span class='ocrx_word' id='word_1_160' title='bbox 1477 1308 1523 1350; x_wconf 88' lang='lat' dir='ltr'>in</span> <span class='ocrx_word' id='word_1_161' title='bbox 1555 1308 1741 1363; x_wconf 88' lang='lat' dir='ltr'>speciem</span> 
     </span>
     <span class='ocr_line' id='line_1_27' title="bbox 173 1367 1740 1423; baseline 0.001 -14"><span class='ocrx_word' id='word_1_162' title='bbox 173 1368 315 1410; x_wconf 82' lang='lat' dir='ltr'>verbis</span> <span class='ocrx_word' id='word_1_163' title='bbox 349 1368 560 1410; x_wconf 84' lang='lat' dir='ltr'>adornata</span> <span class='ocrx_word' id='word_1_164' title='bbox 590 1382 718 1423; x_wconf 87' lang='lat' dir='ltr'>quam</span> <span class='ocrx_word' id='word_1_165' title='bbox 750 1370 799 1409; x_wconf 89' lang='lat' dir='ltr'>ut</span> <span class='ocrx_word' id='word_1_166' title='bbox 829 1368 1000 1422; x_wconf 88' lang='lat' dir='ltr'>penitus</span> <span class='ocrx_word' id='word_1_167' title='bbox 1034 1367 1193 1409; x_wconf 91' lang='lat' dir='ltr'>sentire</span> <span class='ocrx_word' id='word_1_168' title='bbox 1226 1367 1478 1410; x_wconf 87' lang='lat' dir='ltr'>crederetur.</span> <span class='ocrx_word' id='word_1_169' title='bbox 1528 1367 1740 1422; x_wconf 87' lang='lat' dir='ltr'>pauciori-</span> 
     </span>
     <span class='ocr_line' id='line_1_28' title="bbox 173 1425 1742 1482; baseline 0.001 -14"><span class='ocrx_word' id='word_1_170' title='bbox 173 1426 253 1468; x_wconf 89' lang='lat' dir='ltr'>bus</span> <span class='ocrx_word' id='word_1_171' title='bbox 286 1426 476 1469; x_wconf 90' lang='lat' dir='ltr'>Drusum</span> <span class='ocrx_word' id='word_1_172' title='bbox 508 1430 552 1469; x_wconf 90' lang='lat' dir='ltr'>ct</span> <span class='ocrx_word' id='word_1_173' title='bbox 583 1427 713 1469; x_wconf 91' lang='lat' dir='ltr'>finem</span> <span class='ocrx_word' id='word_1_174' title='bbox 743 1426 907 1482; x_wconf 86' lang='lat' dir='ltr'>Illyrici</span> <span class='ocrx_word' id='word_1_175' title='bbox 938 1429 1083 1468; x_wconf 92' lang='lat' dir='ltr'>motus</span> <span class='ocrx_word' id='word_1_176' title='bbox 1114 1425 1318 1481; x_wconf 85' lang='lat' dir='ltr'>laudavit,</span> <span class='ocrx_word' id='word_1_177' title='bbox 1349 1426 1423 1469; x_wconf 91' lang='lat' dir='ltr'>sed</span> <span class='ocrx_word' id='word_1_178' title='bbox 1454 1426 1666 1469; x_wconf 83' lang='lat' dir='ltr'>intentior</span> <span class='ocrx_word' id='word_1_179' title='bbox 1697 1428 1742 1469; x_wconf 88' lang='lat' dir='ltr'>et</span> 
     </span>
     <span class='ocr_line' id='line_1_29' title="bbox 171 1484 1742 1543; baseline 0.001 -17"><span class='ocrx_word' id='word_1_180' title='bbox 171 1485 258 1527; x_wconf 89' lang='lat' dir='ltr'>fida</span> <span class='ocrx_word' id='word_1_181' title='bbox 290 1486 499 1528; x_wconf 89' lang='lat' dir='ltr'>oratione.</span> <span class='ocrx_word' id='word_1_182' title='bbox 559 1489 796 1541; x_wconf 86' lang='lat' dir='ltr'>cunctaque</span> <span class='ocrx_word' id='word_1_183' title='bbox 828 1499 937 1543; x_wconf 75' lang='lat' dir='ltr'>quae</span> <span class='ocrx_word' id='word_1_184' title='bbox 964 1484 1244 1528; x_wconf 86' lang='lat' dir='ltr'>Germanicus</span> <span class='ocrx_word' id='word_1_185' title='bbox 1270 1485 1520 1539; x_wconf 84' lang='lat' dir='ltr'>indulserat,</span> <span class='ocrx_word' id='word_1_186' title='bbox 1551 1485 1742 1528; x_wconf 83' lang='lat' dir='ltr'>servavit</span> 
     </span>
     <span class='ocr_line' id='line_1_30' title="bbox 174 1544 1010 1599; baseline 0 -13"><span class='ocrx_word' id='word_1_187' title='bbox 174 1545 306 1587; x_wconf 86' lang='lat' dir='ltr'>etiam</span> <span class='ocrx_word' id='word_1_188' title='bbox 339 1545 452 1599; x_wconf 89' lang='lat' dir='ltr'>apud</span> <span class='ocrx_word' id='word_1_189' title='bbox 483 1544 753 1587; x_wconf 88' lang='lat' dir='ltr'>Pannonicos</span> <span class='ocrx_word' id='word_1_190' title='bbox 786 1545 1010 1587; x_wconf 85' lang='lat' dir='ltr'>exercitus.</span> 
     </span>
    </p>

    <p class='ocr_par' dir='ltr' id='par_1_16' title="bbox 133 1602 1740 1954">
     <span class='ocr_line' id='line_1_31' title="bbox 290 1602 1740 1658; baseline -0.001 -12"><span class='ocrx_word' id='word_1_191' title='bbox 290 1603 455 1646; x_wconf 86' lang='lat' dir='ltr'>Eodem</span> <span class='ocrx_word' id='word_1_192' title='bbox 489 1618 602 1646; x_wconf 90' lang='lat' dir='ltr'>anno</span> <span class='ocrx_word' id='word_1_193' title='bbox 634 1603 746 1645; x_wconf 92' lang='lat' dir='ltr'>Iulia</span> <span class='ocrx_word' id='word_1_194' title='bbox 778 1618 1025 1658; x_wconf 88' lang='lat' dir='ltr'>supremum</span> <span class='ocrx_word' id='word_1_195' title='bbox 1051 1602 1164 1644; x_wconf 89' lang='lat' dir='ltr'>diem</span> <span class='ocrx_word' id='word_1_196' title='bbox 1197 1603 1317 1654; x_wconf 88' lang='lat' dir='ltr'>obiit,</span> <span class='ocrx_word' id='word_1_197' title='bbox 1343 1603 1400 1645; x_wconf 90' lang='lat' dir='ltr'>ob</span> <span class='ocrx_word' id='word_1_198' title='bbox 1426 1602 1740 1658; x_wconf 79' lang='lat' dir='ltr'>impudicitiam</span> 
     </span>
     <span class='ocr_line' id='line_1_32' title="bbox 172 1661 1739 1718; baseline 0.001 -15"><span class='ocrx_word' id='word_1_199' title='bbox 172 1662 275 1703; x_wconf 92' lang='lat' dir='ltr'>olim</span> <span class='ocrx_word' id='word_1_200' title='bbox 313 1677 338 1704; x_wconf 90' lang='lat' dir='ltr'>a</span> <span class='ocrx_word' id='word_1_201' title='bbox 375 1665 500 1717; x_wconf 87' lang='lat' dir='ltr'>patre</span> <span class='ocrx_word' id='word_1_202' title='bbox 532 1663 732 1717; x_wconf 88' lang='lat' dir='ltr'>Augusto</span> <span class='ocrx_word' id='word_1_203' title='bbox 770 1662 1029 1705; x_wconf 85' lang='lat' dir='ltr'>Pandateria</span> <span class='ocrx_word' id='word_1_204' title='bbox 1071 1662 1232 1717; x_wconf 88' lang='lat' dir='ltr'>insula,</span> <span class='ocrx_word' id='word_1_205' title='bbox 1275 1677 1376 1706; x_wconf 87' lang='lat' dir='ltr'>mox</span> <span class='ocrx_word' id='word_1_206' title='bbox 1409 1662 1568 1717; x_wconf 90' lang='lat' dir='ltr'>oppido</span> <span class='ocrx_word' id='word_1_207' title='bbox 1606 1661 1739 1718; x_wconf 76' lang='lat' dir='ltr'>Regi-</span> 
     </span>
     <span class='ocr_line' id='line_1_33' title="bbox 169 1719 1738 1777; baseline 0 -14"><span class='ocrx_word' id='word_1_208' title='bbox 169 1735 338 1777; x_wconf 90' lang='lat' dir='ltr'>norum,</span> <span class='ocrx_word' id='word_1_209' title='bbox 370 1722 443 1777; x_wconf 93' lang='lat' dir='ltr'>qui</span> <span class='ocrx_word' id='word_1_210' title='bbox 469 1719 660 1763; x_wconf 86' lang='lat' dir='ltr'>Siculum</span> <span class='ocrx_word' id='word_1_211' title='bbox 691 1721 851 1763; x_wconf 84' lang='lat' dir='ltr'>fretum</span> <span class='ocrx_word' id='word_1_212' title='bbox 883 1721 1094 1774; x_wconf 84' lang='lat' dir='ltr'>accolunt,</span> <span class='ocrx_word' id='word_1_213' title='bbox 1126 1721 1282 1764; x_wconf 89' lang='lat' dir='ltr'>clausa.</span> <span class='ocrx_word' id='word_1_214' title='bbox 1338 1721 1482 1763; x_wconf 88' lang='lat' dir='ltr'>fuerat</span> <span class='ocrx_word' id='word_1_215' title='bbox 1512 1721 1558 1763; x_wconf 89' lang='lat' dir='ltr'>in</span> <span class='ocrx_word' id='word_1_216' title='bbox 1588 1720 1738 1764; x_wconf 86' lang='lat' dir='ltr'>matri-</span> 
     </span>
     <span class='ocr_line' id='line_1_34' title="bbox 170 1779 1738 1834; baseline 0 -12"><span class='ocrx_word' id='word_1_217' title='bbox 170 1780 320 1823; x_wconf 89' lang='lat' dir='ltr'>monio</span> <span class='ocrx_word' id='word_1_218' title='bbox 352 1779 515 1823; x_wconf 85' lang='lat' dir='ltr'>Tiberii</span> <span class='ocrx_word' id='word_1_219' title='bbox 544 1780 797 1823; x_wconf 91' lang='lat' dir='ltr'>florentibus</span> <span class='ocrx_word' id='word_1_220' title='bbox 830 1779 940 1823; x_wconf 78' lang='lat' dir='ltr'>Graio</span> <span class='ocrx_word' id='word_1_221' title='bbox 973 1783 1017 1822; x_wconf 92' lang='lat' dir='ltr'>et</span> <span class='ocrx_word' id='word_1_222' title='bbox 1047 1779 1180 1822; x_wconf 89' lang='lat' dir='ltr'>Lucio</span> <span class='ocrx_word' id='word_1_223' title='bbox 1206 1779 1466 1823; x_wconf 84' lang='lat' dir='ltr'>Caesaribus</span> <span class='ocrx_word' id='word_1_224' title='bbox 1499 1781 1738 1834; x_wconf 85' lang='lat' dir='ltr'>spreverat-</span> 
     </span>
     <span class='ocr_line' id='line_1_35' title="bbox 133 1838 1738 1895; baseline 0.001 -15"><span class='ocrx_word' id='word_1_225' title='bbox 133 1853 251 1895; x_wconf 83' lang='lat' dir='ltr'>5que</span> <span class='ocrx_word' id='word_1_226' title='bbox 284 1841 333 1882; x_wconf 90' lang='lat' dir='ltr'>ut</span> <span class='ocrx_word' id='word_1_227' title='bbox 363 1840 580 1895; x_wconf 88' lang='lat' dir='ltr'>inparem;</span> <span class='ocrx_word' id='word_1_228' title='bbox 611 1853 690 1882; x_wconf 90' lang='lat' dir='ltr'>nec</span> <span class='ocrx_word' id='word_1_229' title='bbox 723 1839 810 1882; x_wconf 89' lang='lat' dir='ltr'>alia</span> <span class='ocrx_word' id='word_1_230' title='bbox 841 1842 932 1882; x_wconf 88' lang='lat' dir='ltr'>tam</span> <span class='ocrx_word' id='word_1_231' title='bbox 963 1839 1119 1881; x_wconf 90' lang='lat' dir='ltr'>intima</span> <span class='ocrx_word' id='word_1_232' title='bbox 1150 1838 1322 1882; x_wconf 88' lang='lat' dir='ltr'>Tiberio</span> <span class='ocrx_word' id='word_1_233' title='bbox 1355 1853 1485 1881; x_wconf 89' lang='lat' dir='ltr'>causa</span> <span class='ocrx_word' id='word_1_234' title='bbox 1516 1853 1592 1881; x_wconf 88' lang='lat' dir='ltr'>cur</span> <span class='ocrx_word' id='word_1_235' title='bbox 1622 1838 1738 1881; x_wconf 84' lang='lat' dir='ltr'>Rho-</span> 
     </span>
     <span class='ocr_line' id='line_1_36' title="bbox 169 1897 1736 1954; baseline 0.001 -15"><span class='ocrx_word' id='word_1_236' title='bbox 169 1898 271 1940; x_wconf 89' lang='lat' dir='ltr'>dum</span> <span class='ocrx_word' id='word_1_237' title='bbox 302 1898 562 1941; x_wconf 87' lang='lat' dir='ltr'>abscederet.</span> <span class='ocrx_word' id='word_1_238' title='bbox 617 1898 844 1954; x_wconf 92' lang='lat' dir='ltr'>imperium</span> <span class='ocrx_word' id='word_1_239' title='bbox 877 1898 1059 1953; x_wconf 91' lang='lat' dir='ltr'>adeptus</span> <span class='ocrx_word' id='word_1_240' title='bbox 1087 1900 1312 1950; x_wconf 89' lang='lat' dir='ltr'>extorrem,</span> <span class='ocrx_word' id='word_1_241' title='bbox 1335 1897 1541 1940; x_wconf 87' lang='lat' dir='ltr'>infamem</span> <span class='ocrx_word' id='word_1_242' title='bbox 1567 1900 1610 1940; x_wconf 90' lang='lat' dir='ltr'>et</span> <span class='ocrx_word' id='word_1_243' title='bbox 1634 1899 1736 1953; x_wconf 90' lang='lat' dir='ltr'>post</span> 
     </span>
    </p>
   </div>
   <div class='ocr_carea' id='block_1_16' title="bbox 162 2042 916 2892">
    <p class='ocr_par' dir='ltr' id='par_1_17' title="bbox 168 2042 912 2140">
     <span class='ocr_line' id='line_1_37' title="bbox 215 2042 912 2086; baseline 0 -2"><span class='ocrx_word' id='word_1_244' title='bbox 215 2051 247 2084; x_wconf 89' lang='lat'>8.</span> <span class='ocrx_word' id='word_1_245' title='bbox 279 2049 436 2085; x_wconf 72' lang='lat' dir='ltr'>incessit.</span> <span class='ocrx_word' id='word_1_246' title='bbox 493 2042 593 2085; x_wconf 71' lang='lat' dir='ltr'>&#39;Uber</span> <span class='ocrx_word' id='word_1_247' title='bbox 629 2049 701 2086; x_wconf 89' lang='lat' dir='ltr'>den</span> <span class='ocrx_word' id='word_1_248' title='bbox 733 2049 846 2085; x_wconf 87' lang='lat' dir='ltr'>Dativ</span> <span class='ocrx_word' id='word_1_249' title='bbox 884 2060 912 2084; x_wconf 94' lang='lat' dir='ltr'>s.</span> 
     </span>
     <span class='ocr_line' id='line_1_38' title="bbox 168 2095 467 2140; baseline 0.003 -10"><span class='ocrx_word' id='word_1_250' title='bbox 168 2095 264 2131; x_wconf 90' lang='lat' dir='ltr'>Einl.</span> <span class='ocrx_word' id='word_1_251' title='bbox 292 2099 322 2139; x_wconf 64' lang='grc' dir='ltr'>ἓ.</span> <span class='ocrx_word' id='word_1_252' title='bbox 349 2100 406 2140; x_wconf 84' lang='grc'><strong>31,</strong></span> <span class='ocrx_word' id='word_1_253' title='bbox 432 2096 467 2132; x_wconf 88' lang='lat' dir='ltr'>b.</span> 
     </span>
    </p>

    <p class='ocr_par' dir='ltr' id='par_1_18' title="bbox 170 2143 913 2233">
     <span class='ocr_line' id='line_1_39' title="bbox 216 2143 913 2188; baseline 0 -10"><span class='ocrx_word' id='word_1_254' title='bbox 216 2146 272 2178; x_wconf 88' lang='lat'>12.</span> <span class='ocrx_word' id='word_1_255' title='bbox 308 2144 415 2179; x_wconf 83' lang='lat' dir='ltr'>ceteri</span> <span class='ocrx_word' id='word_1_256' title='bbox 452 2154 483 2178; x_wconf 91' lang='lat' dir='ltr'>c.</span> <span class='ocrx_word' id='word_1_257' title='bbox 517 2154 601 2188; x_wconf 89' lang='lat' dir='ltr'>gen.</span> <span class='ocrx_word' id='word_1_258' title='bbox 639 2143 709 2179; x_wconf 86' lang='lat' dir='ltr'>wie</span> <span class='ocrx_word' id='word_1_259' title='bbox 743 2143 823 2180; x_wconf 81' lang='lat' dir='ltr'>Liv.</span> <span class='ocrx_word' id='word_1_260' title='bbox 855 2146 913 2187; x_wconf 91' lang='lat'>42,</span> 
     </span>
     <span class='ocr_line' id='line_1_40' title="bbox 170 2190 533 2233; baseline 0.003 -8"><span class='ocrx_word' id='word_1_261' title='bbox 170 2193 227 2233; x_wconf 84' lang='lat'>15,</span> <span class='ocrx_word' id='word_1_262' title='bbox 253 2193 298 2225; x_wconf 91' lang='grc'>10</span> <span class='ocrx_word' id='word_1_263' title='bbox 324 2190 533 2226; x_wconf 78' lang='lat' dir='ltr'>amicorum.</span> 
     </span>
    </p>

    <p class='ocr_par' dir='ltr' id='par_1_19' title="bbox 164 2236 916 2565">
     <span class='ocr_line' id='line_1_41' title="bbox 216 2236 916 2273; baseline 0.001 -2"><span class='ocrx_word' id='word_1_264' title='bbox 216 2239 271 2272; x_wconf 91' lang='lat'>14.</span> <span class='ocrx_word' id='word_1_265' title='bbox 303 2237 491 2273; x_wconf 81' lang='lat' dir='ltr'>adsultare</span> <span class='ocrx_word' id='word_1_266' title='bbox 526 2237 594 2272; x_wconf 87' lang='lat' dir='ltr'>hat</span> <span class='ocrx_word' id='word_1_267' title='bbox 625 2236 775 2273; x_wconf 85' lang='lat' dir='ltr'>Tacitus</span> <span class='ocrx_word' id='word_1_268' title='bbox 810 2238 916 2272; x_wconf 90' lang='lat' dir='ltr'>sonst</span> 
     </span>
     <span class='ocr_line' id='line_1_42' title="bbox 166 2283 913 2328; baseline 0.001 -10"><span class='ocrx_word' id='word_1_269' title='bbox 166 2283 237 2319; x_wconf 90' lang='lat' dir='ltr'>mit</span> <span class='ocrx_word' id='word_1_270' title='bbox 273 2283 358 2319; x_wconf 91' lang='lat' dir='ltr'>dem</span> <span class='ocrx_word' id='word_1_271' title='bbox 396 2284 525 2328; x_wconf 87' lang='lat' dir='ltr'>Dativ,</span> <span class='ocrx_word' id='word_1_272' title='bbox 563 2283 646 2319; x_wconf 87' lang='lat' dir='ltr'>hier</span> <span class='ocrx_word' id='word_1_273' title='bbox 678 2284 749 2320; x_wconf 90' lang='lat' dir='ltr'>mit</span> <span class='ocrx_word' id='word_1_274' title='bbox 781 2283 913 2320; x_wconf 84' lang='lat' dir='ltr'>Aecus.</span> 
     </span>
     <span class='ocr_line' id='line_1_43' title="bbox 165 2330 913 2376; baseline 0.003 -11"><span class='ocrx_word' id='word_1_275' title='bbox 165 2330 263 2366; x_wconf 85' lang='lat' dir='ltr'>nach</span> <span class='ocrx_word' id='word_1_276' title='bbox 288 2330 473 2376; x_wconf 87' lang='lat' dir='ltr'>Analogie</span> <span class='ocrx_word' id='word_1_277' title='bbox 498 2342 571 2367; x_wconf 86' lang='lat' dir='ltr'>von</span> <span class='ocrx_word' id='word_1_278' title='bbox 598 2332 747 2375; x_wconf 77' lang='lat' dir='ltr'>insulto,</span> <span class='ocrx_word' id='word_1_279' title='bbox 773 2332 913 2376; x_wconf 83' lang='lat' dir='ltr'>accedo,</span> 
     </span>
     <span class='ocr_line' id='line_1_44' title="bbox 167 2378 913 2423; baseline 0.001 -10"><span class='ocrx_word' id='word_1_280' title='bbox 167 2388 331 2421; x_wconf 86' lang='lat' dir='ltr'>accurro,</span> <span class='ocrx_word' id='word_1_281' title='bbox 357 2378 526 2422; x_wconf 82' lang='lat' dir='ltr'>advehor,</span> <span class='ocrx_word' id='word_1_282' title='bbox 546 2378 711 2423; x_wconf 76' lang='lat' dir='ltr'>advento,</span> <span class='ocrx_word' id='word_1_283' title='bbox 730 2378 913 2414; x_wconf 84' lang='lat' dir='ltr'>advolvor.</span> 
     </span>
     <span class='ocr_line' id='line_1_45' title="bbox 165 2424 915 2461; baseline 0 -1"><span class='ocrx_word' id='word_1_284' title='bbox 165 2445 213 2451; x_wconf 89' lang='grc'>--</span> <span class='ocrx_word' id='word_1_285' title='bbox 249 2425 400 2461; x_wconf 78' lang='lat' dir='ltr'>incurro</span> <span class='ocrx_word' id='word_1_286' title='bbox 430 2425 501 2460; x_wconf 87' lang='lat' dir='ltr'>mit</span> <span class='ocrx_word' id='word_1_287' title='bbox 532 2425 617 2460; x_wconf 92' lang='lat' dir='ltr'>dem</span> <span class='ocrx_word' id='word_1_288' title='bbox 652 2424 784 2461; x_wconf 84' lang='lat' dir='ltr'>Aecus.</span> <span class='ocrx_word' id='word_1_289' title='bbox 817 2424 915 2460; x_wconf 86' lang='lat' dir='ltr'>auch</span> 
     </span>
     <span class='ocr_line' id='line_1_46' title="bbox 164 2470 912 2516; baseline 0 -10"><span class='ocrx_word' id='word_1_290' title='bbox 164 2475 206 2516; x_wconf 87' lang='lat'>2,</span> <span class='ocrx_word' id='word_1_291' title='bbox 234 2475 277 2508; x_wconf 78' lang='lat'>17</span> <span class='ocrx_word' id='word_1_292' title='bbox 303 2471 380 2507; x_wconf 88' lang='lat' dir='ltr'>und</span> <span class='ocrx_word' id='word_1_293' title='bbox 405 2473 522 2508; x_wconf 83' lang='lat' dir='ltr'>sehon</span> <span class='ocrx_word' id='word_1_294' title='bbox 544 2472 607 2507; x_wconf 91' lang='lat' dir='ltr'>bei</span> <span class='ocrx_word' id='word_1_295' title='bbox 632 2471 789 2515; x_wconf 86' lang='lat' dir='ltr'>Sallust;</span> <span class='ocrx_word' id='word_1_296' title='bbox 817 2470 912 2507; x_wconf 65' lang='lat' dir='ltr'>efter</span> 
     </span>
     <span class='ocr_line' id='line_1_47' title="bbox 168 2518 781 2565; baseline 0 -11"><span class='ocrx_word' id='word_1_297' title='bbox 168 2519 377 2565; x_wconf 83' lang='lat' dir='ltr'>gebraucht</span> <span class='ocrx_word' id='word_1_298' title='bbox 401 2518 488 2555; x_wconf 87' lang='lat' dir='ltr'>Tac.</span> <span class='ocrx_word' id='word_1_299' title='bbox 515 2530 555 2555; x_wconf 89' lang='lat' dir='ltr'>so</span> <span class='ocrx_word' id='word_1_300' title='bbox 581 2520 781 2555; x_wconf 79' lang='lat' dir='ltr'>incursare.</span> 
     </span>
    </p>

    <p class='ocr_par' dir='ltr' id='par_1_20' title="bbox 162 2567 911 2706">
     <span class='ocr_line' id='line_1_48' title="bbox 210 2567 910 2611; baseline -0.001 -9"><span class='ocrx_word' id='word_1_301' title='bbox 210 2570 267 2602; x_wconf 86' lang='lat'>20.</span> <span class='ocrx_word' id='word_1_302' title='bbox 294 2576 434 2602; x_wconf 82' lang='lat' dir='ltr'>evasere</span> <span class='ocrx_word' id='word_1_303' title='bbox 465 2567 593 2610; x_wconf 82' lang='lat' dir='ltr'>silvas,</span> <span class='ocrx_word' id='word_1_304' title='bbox 625 2567 695 2602; x_wconf 89' lang='lat' dir='ltr'>wie</span> <span class='ocrx_word' id='word_1_305' title='bbox 721 2570 760 2610; x_wconf 84' lang='lat'>3,</span> <span class='ocrx_word' id='word_1_306' title='bbox 794 2569 849 2602; x_wconf 87' lang='lat'>14.</span> <span class='ocrx_word' id='word_1_307' title='bbox 876 2568 910 2611; x_wconf 82' lang='lat'>5,</span> 
     </span>
     <span class='ocr_line' id='line_1_49' title="bbox 165 2613 911 2659; baseline 0.003 -12"><span class='ocrx_word' id='word_1_308' title='bbox 165 2615 220 2647; x_wconf 91' lang='lat'>10.</span> <span class='ocrx_word' id='word_1_309' title='bbox 241 2614 328 2659; x_wconf 87' lang='lat' dir='ltr'>Agr.</span> <span class='ocrx_word' id='word_1_310' title='bbox 354 2616 411 2649; x_wconf 87' lang='lat'>33.</span> <span class='ocrx_word' id='word_1_311' title='bbox 437 2617 494 2650; x_wconf 86' lang='lat'>44.</span> <span class='ocrx_word' id='word_1_312' title='bbox 540 2613 587 2650; x_wconf 90' lang='lat' dir='ltr'>So</span> <span class='ocrx_word' id='word_1_313' title='bbox 613 2614 729 2649; x_wconf 81' lang='lat' dir='ltr'>sehon</span> <span class='ocrx_word' id='word_1_314' title='bbox 747 2614 911 2649; x_wconf 78' lang='lat' dir='ltr'>excedere</span> 
     </span>
     <span class='ocr_line' id='line_1_50' title="bbox 162 2660 631 2706; baseline 0.004 -12"><span class='ocrx_word' id='word_1_315' title='bbox 162 2660 238 2695; x_wconf 88' lang='lat' dir='ltr'>und</span> <span class='ocrx_word' id='word_1_316' title='bbox 262 2660 383 2706; x_wconf 72' lang='lat' dir='ltr'>eyredi</span> <span class='ocrx_word' id='word_1_317' title='bbox 405 2660 468 2696; x_wconf 88' lang='lat' dir='ltr'>bei</span> <span class='ocrx_word' id='word_1_318' title='bbox 493 2660 631 2697; x_wconf 87' lang='lat' dir='ltr'>Livius.</span> 
     </span>
    </p>

    <p class='ocr_par' dir='ltr' id='par_1_21' title="bbox 162 2699 909 2892">
     <span class='ocr_line' id='line_1_51' title="bbox 210 2699 909 2743; baseline -0.003 0"><span class='ocrx_word' id='word_1_319' title='bbox 210 2706 273 2743; x_wconf 79' lang='lat'>52.</span> <span class='ocrx_word' id='word_1_320' title='bbox 294 2711 326 2743; x_wconf 87' lang='lat'>2.</span> <span class='ocrx_word' id='word_1_321' title='bbox 348 2699 449 2743; x_wconf 76' lang='lat' dir='ltr'>Uber</span> <span class='ocrx_word' id='word_1_322' title='bbox 470 2707 530 2743; x_wconf 89' lang='lat' dir='ltr'>die</span> <span class='ocrx_word' id='word_1_323' title='bbox 549 2706 823 2743; x_wconf 86' lang='lat' dir='ltr'>Koordination</span> <span class='ocrx_word' id='word_1_324' title='bbox 844 2707 909 2742; x_wconf 90' lang='lat' dir='ltr'>des</span> 
     </span>
     <span class='ocr_line' id='line_1_52' title="bbox 162 2753 909 2801; baseline 0.004 -14"><span class='ocrx_word' id='word_1_325' title='bbox 162 2753 416 2790; x_wconf 86' lang='lat' dir='ltr'>Nebensatzes</span> <span class='ocrx_word' id='word_1_326' title='bbox 447 2755 558 2801; x_wconf 78' lang='lat' dir='ltr'>(quod</span> <span class='ocrx_word' id='word_1_327' title='bbox 589 2775 633 2781; x_wconf 91' lang='lat'>—</span> <span class='ocrx_word' id='word_1_328' title='bbox 664 2754 909 2800; x_wconf 79' lang='lat' dir='ltr'>quaesivisset)</span> 
     </span>
     <span class='ocr_line' id='line_1_53' title="bbox 163 2800 909 2846; baseline 0.003 -12"><span class='ocrx_word' id='word_1_329' title='bbox 163 2800 234 2835; x_wconf 87' lang='lat' dir='ltr'>mit</span> <span class='ocrx_word' id='word_1_330' title='bbox 263 2801 465 2846; x_wconf 84' lang='lat' dir='ltr'>folgenden</span> <span class='ocrx_word' id='word_1_331' title='bbox 491 2802 615 2838; x_wconf 88' lang='lat' dir='ltr'>Ablat.</span> <span class='ocrx_word' id='word_1_332' title='bbox 650 2812 783 2837; x_wconf 86' lang='lat' dir='ltr'>causae</span> <span class='ocrx_word' id='word_1_333' title='bbox 810 2813 837 2837; x_wconf 89' lang='lat' dir='ltr'>s.</span> <span class='ocrx_word' id='word_1_334' title='bbox 863 2813 909 2836; x_wconf 90' lang='lat' dir='ltr'>zu</span> 
     </span>
     <span class='ocr_line' id='line_1_54' title="bbox 163 2850 302 2892; baseline 0 -10"><span class='ocrx_word' id='word_1_335' title='bbox 163 2858 219 2892; x_wconf 86' lang='lat' dir='ltr'>cp.</span> <span class='ocrx_word' id='word_1_336' title='bbox 247 2850 302 2883; x_wconf 83' lang='lat'>35.</span> 
     </span>
    </p>
   </div>
   <div class='ocr_carea' id='block_1_17' title="bbox 980 2047 1736 2889">
    <p class='ocr_par' dir='ltr' id='par_1_22' title="bbox 986 2047 1736 2188">
     <span class='ocr_line' id='line_1_55' title="bbox 1034 2047 1736 2094; baseline 0 -10"><span class='ocrx_word' id='word_1_337' title='bbox 1034 2052 1067 2084; x_wconf 85' lang='lat'>3.</span> <span class='ocrx_word' id='word_1_338' title='bbox 1099 2047 1175 2083; x_wconf 86' lang='lat' dir='ltr'>Das</span> <span class='ocrx_word' id='word_1_339' title='bbox 1207 2047 1368 2094; x_wconf 82' lang='lat' dir='ltr'>Subjekt</span> <span class='ocrx_word' id='word_1_340' title='bbox 1397 2059 1471 2084; x_wconf 89' lang='lat' dir='ltr'>von</span> <span class='ocrx_word' id='word_1_341' title='bbox 1502 2048 1736 2094; x_wconf 76' lang='lat' dir='ltr'>quaesivisset</span> 
     </span>
     <span class='ocr_line' id='line_1_56' title="bbox 986 2094 1733 2140; baseline 0.001 -9"><span class='ocrx_word' id='word_1_342' title='bbox 986 2094 1037 2132; x_wconf 87' lang='lat' dir='ltr'>ist</span> <span class='ocrx_word' id='word_1_343' title='bbox 1049 2094 1233 2140; x_wconf 83' lang='lat' dir='ltr'>Tiberius,</span> <span class='ocrx_word' id='word_1_344' title='bbox 1253 2095 1294 2131; x_wconf 90' lang='lat' dir='ltr'>in</span> <span class='ocrx_word' id='word_1_345' title='bbox 1306 2096 1438 2132; x_wconf 84' lang='lat' dir='ltr'>dessen</span> <span class='ocrx_word' id='word_1_346' title='bbox 1450 2094 1598 2131; x_wconf 87' lang='lat' dir='ltr'>Namen</span> <span class='ocrx_word' id='word_1_347' title='bbox 1609 2094 1733 2132; x_wconf 83' lang='lat' dir='ltr'>Germ.</span> 
     </span>
     <span class='ocr_line' id='line_1_57' title="bbox 986 2142 1293 2188; baseline 0 -10"><span class='ocrx_word' id='word_1_348' title='bbox 986 2142 1192 2188; x_wconf 86' lang='lat' dir='ltr'>gehandelt</span> <span class='ocrx_word' id='word_1_349' title='bbox 1215 2143 1293 2178; x_wconf 86' lang='lat' dir='ltr'>hat.</span> 
     </span>
    </p>

    <p class='ocr_par' dir='ltr' id='par_1_23' title="bbox 987 2188 1735 2319">
     <span class='ocr_line' id='line_1_58' title="bbox 1035 2188 1733 2235; baseline -0.001 -10"><span class='ocrx_word' id='word_1_350' title='bbox 1035 2193 1068 2225; x_wconf 91' lang='grc'>8.</span> <span class='ocrx_word' id='word_1_351' title='bbox 1111 2189 1300 2235; x_wconf 74' lang='lat' dir='ltr'>indulyere</span> <span class='ocrx_word' id='word_1_352' title='bbox 1347 2188 1621 2235; x_wconf 86' lang='lat' dir='ltr'>„bewilligen“</span> <span class='ocrx_word' id='word_1_353' title='bbox 1665 2188 1733 2224; x_wconf 86' lang='lat' dir='ltr'>hat</span> 
     </span>
     <span class='ocr_line' id='line_1_59' title="bbox 987 2235 1735 2280; baseline 0.001 -9"><span class='ocrx_word' id='word_1_354' title='bbox 987 2235 1142 2271; x_wconf 86' lang='lat' dir='ltr'>Tacitus</span> <span class='ocrx_word' id='word_1_355' title='bbox 1167 2237 1245 2271; x_wconf 87' lang='lat' dir='ltr'>erst</span> <span class='ocrx_word' id='word_1_356' title='bbox 1268 2236 1308 2272; x_wconf 89' lang='lat' dir='ltr'>in</span> <span class='ocrx_word' id='word_1_357' title='bbox 1333 2236 1405 2271; x_wconf 92' lang='lat' dir='ltr'>den</span> <span class='ocrx_word' id='word_1_358' title='bbox 1424 2235 1609 2280; x_wconf 85' lang='lat' dir='ltr'>Aunalen,</span> <span class='ocrx_word' id='word_1_359' title='bbox 1630 2237 1735 2272; x_wconf 87' lang='lat' dir='ltr'>sonst</span> 
     </span>
     <span class='ocr_line' id='line_1_60' title="bbox 988 2282 1547 2319; baseline 0 -1"><span class='ocrx_word' id='word_1_360' title='bbox 988 2284 1133 2319; x_wconf 85' lang='lat' dir='ltr'>kommt</span> <span class='ocrx_word' id='word_1_361' title='bbox 1157 2293 1196 2319; x_wconf 86' lang='lat' dir='ltr'>es</span> <span class='ocrx_word' id='word_1_362' title='bbox 1221 2282 1295 2318; x_wconf 86' lang='lat' dir='ltr'>seit</span> <span class='ocrx_word' id='word_1_363' title='bbox 1317 2282 1445 2319; x_wconf 85' lang='lat' dir='ltr'>Livius</span> <span class='ocrx_word' id='word_1_364' title='bbox 1469 2292 1547 2319; x_wconf 87' lang='lat' dir='ltr'>vor.</span> 
     </span>
    </p>

    <p class='ocr_par' dir='ltr' id='par_1_24' title="bbox 985 2329 1736 2458">
     <span class='ocr_line' id='line_1_61' title="bbox 1035 2329 1736 2375; baseline -0.001 -9"><span class='ocrx_word' id='word_1_365' title='bbox 1035 2334 1067 2366; x_wconf 88' lang='lat'>9.</span> <span class='ocrx_word' id='word_1_366' title='bbox 1087 2330 1265 2366; x_wconf 76' lang='lat' dir='ltr'>exercitus</span> <span class='ocrx_word' id='word_1_367' title='bbox 1284 2331 1378 2366; x_wconf 83' lang='lat' dir='ltr'>statt</span> <span class='ocrx_word' id='word_1_368' title='bbox 1396 2330 1562 2375; x_wconf 75' lang='lat' dir='ltr'>leyiones,</span> <span class='ocrx_word' id='word_1_369' title='bbox 1582 2329 1679 2366; x_wconf 66' lang='lat' dir='ltr'>&amp;fter</span> <span class='ocrx_word' id='word_1_370' title='bbox 1693 2329 1736 2366; x_wconf 88' lang='lat' dir='ltr'>in</span> 
     </span>
     <span class='ocr_line' id='line_1_62' title="bbox 985 2375 1735 2458; baseline -0.003 -44"><span class='ocrx_word' id='word_1_371' title='bbox 985 2377 1059 2458; x_wconf 77' lang='lat' dir='ltr'>dAen</span> <span class='ocrx_word' id='word_1_372' title='bbox 1084 2376 1275 2413; x_wconf 88' lang='lat' dir='ltr'>Historien</span> <span class='ocrx_word' id='word_1_373' title='bbox 1306 2377 1383 2412; x_wconf 86' lang='lat' dir='ltr'>und</span> <span class='ocrx_word' id='word_1_374' title='bbox 1410 2375 1599 2422; x_wconf 87' lang='lat' dir='ltr'>Annalen,</span> <span class='ocrx_word' id='word_1_375' title='bbox 1637 2375 1735 2412; x_wconf 79' lang='lat' dir='ltr'>auch</span> 
     </span>
    </p>

    <p class='ocr_par' dir='ltr' id='par_1_25' title="bbox 985 2470 1731 2554">
     <span class='ocr_line' id='line_1_63' title="bbox 1031 2470 1731 2516; baseline 0.001 -10"><span class='ocrx_word' id='word_1_376' title='bbox 1031 2470 1096 2507; x_wconf 81' lang='lat'>53.</span> <span class='ocrx_word' id='word_1_377' title='bbox 1127 2474 1160 2507; x_wconf 90' lang='lat'>2.</span> <span class='ocrx_word' id='word_1_378' title='bbox 1195 2470 1440 2516; x_wconf 78' lang='lat' dir='ltr'>Pandateria,</span> <span class='ocrx_word' id='word_1_379' title='bbox 1478 2470 1625 2507; x_wconf 72' lang='lat' dir='ltr'>si&#39;idlich</span> <span class='ocrx_word' id='word_1_380' title='bbox 1658 2480 1731 2507; x_wconf 80' lang='lat' dir='ltr'>von</span> 
     </span>
     <span class='ocr_line' id='line_1_64' title="bbox 985 2517 1197 2554; baseline -0.009 0"><span class='ocrx_word' id='word_1_381' title='bbox 985 2517 1197 2554; x_wconf 84' lang='lat' dir='ltr'>Tarracina.</span> 
     </span>
    </p>

    <p class='ocr_par' dir='ltr' id='par_1_26' title="bbox 983 2564 1732 2704">
     <span class='ocr_line' id='line_1_65' title="bbox 1030 2564 1732 2610; baseline 0 -10"><span class='ocrx_word' id='word_1_382' title='bbox 1030 2569 1062 2600; x_wconf 88' lang='lat'>3.</span> <span class='ocrx_word' id='word_1_383' title='bbox 1101 2565 1175 2600; x_wconf 83' lang='lat' dir='ltr'>Der</span> <span class='ocrx_word' id='word_1_384' title='bbox 1208 2564 1341 2599; x_wconf 85' lang='lat' dir='ltr'>Zusatz</span> <span class='ocrx_word' id='word_1_385' title='bbox 1377 2565 1442 2610; x_wconf 75' lang='lat' dir='ltr'>qui</span> <span class='ocrx_word' id='word_1_386' title='bbox 1480 2584 1525 2591; x_wconf 90' lang='lat'>-—</span> <span class='ocrx_word' id='word_1_387' title='bbox 1553 2564 1732 2608; x_wconf 77' lang='lat' dir='ltr'>accolunt,</span> 
     </span>
     <span class='ocr_line' id='line_1_66' title="bbox 983 2610 1732 2655; baseline -0.003 -7"><span class='ocrx_word' id='word_1_388' title='bbox 983 2613 1096 2648; x_wconf 82' lang='lat' dir='ltr'>etwas</span> <span class='ocrx_word' id='word_1_389' title='bbox 1115 2611 1229 2655; x_wconf 77' lang='lat' dir='ltr'>broit,</span> <span class='ocrx_word' id='word_1_390' title='bbox 1256 2611 1329 2647; x_wconf 85' lang='lat' dir='ltr'>soll</span> <span class='ocrx_word' id='word_1_391' title='bbox 1354 2611 1415 2647; x_wconf 83' lang='lat' dir='ltr'>die</span> <span class='ocrx_word' id='word_1_392' title='bbox 1435 2611 1548 2648; x_wconf 81' lang='lat' dir='ltr'>Stadt</span> <span class='ocrx_word' id='word_1_393' title='bbox 1564 2622 1639 2647; x_wconf 85' lang='lat' dir='ltr'>von</span> <span class='ocrx_word' id='word_1_394' title='bbox 1659 2610 1732 2646; x_wconf 76' lang='lat' dir='ltr'>Re-</span> 
     </span>
     <span class='ocr_line' id='line_1_67' title="bbox 984 2657 1729 2704; baseline 0 -10"><span class='ocrx_word' id='word_1_395' title='bbox 984 2659 1087 2704; x_wconf 87' lang='lat' dir='ltr'>gium</span> <span class='ocrx_word' id='word_1_396' title='bbox 1111 2657 1151 2693; x_wconf 92' lang='lat' dir='ltr'>in</span> <span class='ocrx_word' id='word_1_397' title='bbox 1176 2657 1409 2693; x_wconf 87' lang='lat' dir='ltr'>Oberitalien</span> <span class='ocrx_word' id='word_1_398' title='bbox 1433 2657 1729 2694; x_wconf 80' lang='lat' dir='ltr'>unterscheiden.</span> 
     </span>
    </p>

    <p class='ocr_par' dir='ltr' id='par_1_27' title="bbox 982 2703 1730 2789">
     <span class='ocr_line' id='line_1_68' title="bbox 1031 2703 1730 2748; baseline -0.001 -7"><span class='ocrx_word' id='word_1_399' title='bbox 1031 2709 1064 2740; x_wconf 90' lang='lat'>4.</span> <span class='ocrx_word' id='word_1_400' title='bbox 1082 2705 1231 2748; x_wconf 84' lang='lat' dir='ltr'>Tiberii,</span> <span class='ocrx_word' id='word_1_401' title='bbox 1245 2705 1317 2740; x_wconf 87' lang='lat' dir='ltr'>seit</span> <span class='ocrx_word' id='word_1_402' title='bbox 1331 2708 1374 2740; x_wconf 89' lang='lat'>12</span> <span class='ocrx_word' id='word_1_403' title='bbox 1389 2718 1423 2742; x_wconf 84' lang='lat' dir='ltr'>v.</span> <span class='ocrx_word' id='word_1_404' title='bbox 1437 2704 1522 2742; x_wconf 88' lang='lat' dir='ltr'>Chr.</span> <span class='ocrx_word' id='word_1_405' title='bbox 1551 2704 1614 2740; x_wconf 86' lang='lat' dir='ltr'>Ihr</span> <span class='ocrx_word' id='word_1_406' title='bbox 1628 2703 1730 2740; x_wconf 89' lang='lat' dir='ltr'>Sohn</span> 
     </span>
     <span class='ocr_line' id='line_1_69' title="bbox 982 2751 1727 2799; baseline -0.003 -10"><span class='ocrx_word' id='word_1_407' title='bbox 982 2753 1052 2799; x_wconf 79' lang='lat' dir='ltr'>Gaj</span> <span class='ocrx_word' id='word_1_408' title='bbox 1055 2763 1097 2787; x_wconf 87' lang='lat' dir='ltr'>us</span> <span class='ocrx_word' id='word_1_409' title='bbox 1117 2751 1247 2788; x_wconf 88' lang='lat' dir='ltr'>starb&#39;</span> <span class='ocrx_word' id='word_1_410' title='bbox 1237 2763 1290 2786; x_wconf 84' lang='lat' dir='ltr'>im</span> <span class='ocrx_word' id='word_1_411' title='bbox 1307 2752 1340 2788; x_wconf 86' lang='lat' dir='ltr'>J.</span> <span class='ocrx_word' id='word_1_412' title='bbox 1356 2756 1390 2796; x_wconf 91' lang='lat'>4,</span> <span class='ocrx_word' id='word_1_413' title='bbox 1409 2751 1576 2788; x_wconf 89' lang='lat' dir='ltr'>Lucius2</span> <span class='ocrx_word' id='word_1_414' title='bbox 1591 2764 1626 2788; x_wconf 90' lang='lat' dir='ltr'>n.</span> <span class='ocrx_word' id='word_1_415' title='bbox 1643 2751 1727 2789; x_wconf 83' lang='lat' dir='ltr'>Chr.</span> 
     </span>
    </p>

    <p class='ocr_par' dir='ltr' id='par_1_28' title="bbox 980 2781 1730 2889">
     <span class='ocr_line' id='line_1_70' title="bbox 1029 2781 1730 2846; baseline 0 -11"><span class='ocrx_word' id='word_1_416' title='bbox 1029 2804 1061 2835; x_wconf 95' lang='grc'>6.</span> <span class='ocrx_word' id='word_1_417' title='bbox 1088 2792 1188 2835; x_wconf 77' lang='lat' dir='ltr'>Uber</span> <span class='ocrx_word' id='word_1_418' title='bbox 1219 2802 1252 2834; x_wconf 79' lang='lat' dir='ltr'>et</span> <span class='ocrx_word' id='word_1_419' title='bbox 1283 2799 1340 2834; x_wconf 89' lang='lat' dir='ltr'>als</span> <span class='ocrx_word' id='word_1_420' title='bbox 1371 2781 1504 2835; x_wconf 86' lang='lat' dir='ltr'>drittes</span> <span class='ocrx_word' id='word_1_421' title='bbox 1538 2798 1730 2846; x_wconf 80' lang='lat' dir='ltr'>Satzglied</span> 
     </span>
     <span class='ocr_line' id='line_1_71' title="bbox 980 2845 1269 2889; baseline -0.007 -7"><span class='ocrx_word' id='word_1_422' title='bbox 980 2858 1007 2882; x_wconf 89' lang='lat' dir='ltr'>s.</span> <span class='ocrx_word' id='word_1_423' title='bbox 1033 2845 1129 2882; x_wconf 86' lang='lat' dir='ltr'>Einl.</span> <span class='ocrx_word' id='word_1_424' title='bbox 1155 2849 1187 2889; x_wconf 69' lang='grc' dir='ltr'>ἓ.</span> <span class='ocrx_word' id='word_1_425' title='bbox 1213 2849 1269 2881; x_wconf 86' lang='grc'>61.</span> 
     </span>
    </p>
   </div>
  </div>
 </body>
</html>
