1768 3120
553 100 700 137 LIBER
723 101 751 138 I.
800 99 904 137 CAP.
924 104 1078 136 40—42.
1544 101 1602 143 67

31 224 107 253 cur
138 209 359 266 gravidam
390 209 619 265 coniugem
649 207 764 250 inter
799 207 992 251 furentes
1025 211 1070 250 et
1101 208 1241 250 omnis
1278 208 1458 251 humani
1498 209 1604 251 iuris
1633 221 1654 252 5

30 269 262 312 violatores
292 266 501 310 haberet?
562 267 664 309 illos
697 267 851 309 saltem
883 282 965 310 avo
997 271 1041 309 et
1070 268 1135 309 rei
1165 267 1364 322 publicae
1396 267 1605 310 redderet.

31 328 104 371 diu
153 329 378 370 cunctatus
428 329 728 383 aspernantem
778 340 978 381 uxorem,
1027 340 1125 369 cum
1170 340 1216 368 se
1260 326 1359 369 divo
1403 326 1605 382 Augusto

32 390 174 430 ortam
197 401 336 442 neque
355 386 612 441 degenerem
632 385 686 427 ad
706 385 899 440 pericula
919 388 1168 440 testaretur,
1193 388 1414 440 postremo
1433 388 1606 427 uterum

31 446 123 489 eius
149 448 193 488 et
217 459 489 487 communem
514 445 652 487 filium
679 444 819 487 multo
846 459 943 487 cum
969 444 1074 487 fietu
1099 444 1363 499 complexus,
1388 446 1437 486 ut
1462 444 1606 487 abiret

30 504 229 560 perpulit.
292 504 520 547 incedebat
563 504 772 546 muliebre
815 506 859 546 et
901 504 1151 546 miserabile
1196 517 1376 560 agmen,
1419 503 1606 560 profuga
1633 516 1677 548 10

32 563 152 606 ducis
182 577 309 618 uxor,
348 564 576 619 parvulum
609 563 706 605 sinu
736 562 876 605 filium
908 577 1082 619 gerens,
1120 563 1412 605 lamentantes
1443 563 1605 605 circum

34 622 271 665 amicorum
297 622 517 679 coniuges,
548 637 658 678 quae
690 621 818 664 simul
848 623 1150 678 trahebantur,
1181 636 1260 664 nec
1286 622 1430 664 minus
1455 622 1604 664 tristes

34 682 107 737 qui
139 681 388 724 manebant.

150 740 253 783 Non
277 740 474 783 florentis
497 739 696 783 Caesaris
727 754 867 796 neque
899 741 990 783 suis
1021 741 1067 782 in
1098 741 1268 795 castris,
1301 740 1374 782 sed
1407 740 1526 782 velut
1556 740 1601 781 in
1616 742 1673 784 41

33 800 139 843 urbe
164 799 279 842 victa
309 799 442 842 facies
474 800 748 856 gemitusque
780 814 830 843 ac
861 799 1062 856 planctus
1094 800 1226 842 etiam
1257 799 1445 841 militum
1477 813 1602 842 aures

33 873 192 915 oraque
224 859 463 901 advertere:
494 859 828 914 progrediuntur
859 859 1166 902 contuberniis.
1215 859 1310 914 quis
1341 859 1416 901 ille
1446 858 1601 901 flebilis

33 918 195 961 sonus?
227 918 342 974 quod
361 920 453 960 tam
477 917 633 960 triste?
664 917 849 960 feminas
874 919 1091 974 inlustres,
1115 932 1204 961 non
1230 918 1524 960 centurionem
1551 917 1605 960 ad

31 978 240 1032 tutelam,
283 991 372 1020 non
414 978 622 1033 militem,
663 977 773 1020 nihil
814 977 1122 1032 imperatoriae
1164 977 1312 1019 uxoris
1357 979 1434 1019 aut
1475 977 1605 1019 comi-
1631 990 1651 1021 5

37 1039 156 1079 tatus
195 1037 335 1079 soliti:
373 1050 553 1092 pergere
593 1037 645 1078 ad
679 1035 890 1079 Treveros
929 1039 1132 1079 externae
1163 1036 1276 1078 fidei.
1336 1035 1474 1091 pudor
1505 1035 1605 1078 inde

38 1098 82 1139 et
111 1096 334 1138 miseratio
366 1099 411 1138 et
439 1096 576 1151 patris
608 1096 848 1151 Agrippae,
883 1094 1077 1151 Augusti
1118 1095 1188 1138 avi
1218 1094 1447 1150 memoria,
1484 1109 1605 1137 socer

32 1154 212 1210 Drusus,
236 1155 332 1209 ipsa
356 1155 520 1210 insigni
544 1154 822 1210 fecunditate,
846 1155 1073 1209 praeclara
1096 1154 1326 1210 pudicitia3
1352 1153 1441 1196 iam
1459 1153 1604 1196 infans

32 1214 80 1256 in
105 1213 260 1256 castris
286 1213 472 1269 genitus,
496 1214 542 1255 in
568 1214 850 1256 contubernio
875 1213 1096 1270 legionum
1121 1213 1320 1268 eductus,
1345 1227 1472 1268 quem
1497 1214 1606 1255 mili-

33 1274 120 1316 tari
151 1273 361 1315 vocabulo
393 1271 639 1328 Caligulam
671 1273 972 1328 appellabant,
1003 1272 1105 1328 quia
1136 1273 1389 1328 plerumque
1421 1271 1476 1314 ad
1506 1286 1606 1315 con·
1632 1285 1677 1317 10

33 1332 220 1376 cilianda
251 1332 371 1388 vulgi
401 1332 544 1374 studia
574 1346 625 1374 eo
656 1332 849 1387 tegmine
880 1332 1039 1386 pedum
1069 1331 1342 1374 induebatur.
1391 1331 1466 1374 sed
1495 1331 1607 1374 nihil

35 1405 170 1447 aeque
200 1390 322 1433 flexit
352 1406 480 1447 quam
510 1391 675 1433 invidia
698 1391 746 1433 in
769 1390 998 1433 Treveros:
1031 1394 1159 1434 orant
1183 1390 1417 1446 obsistunt,
1447 1390 1608 1433 rediret

34 1452 241 1506 maneret,
271 1465 372 1505 pars
398 1450 667 1506 Agrippinae
699 1453 988 1504 occursantes,
1018 1450 1195 1505 plurimi
1220 1449 1275 1492 ad
1301 1448 1608 1492 Germanicum

32 1509 237 1566 regressi.
282 1509 406 1565 isque
431 1514 481 1552 ut
506 1513 599 1552 erat
628 1523 778 1552 recens
810 1509 959 1552 dolore
991 1512 1035 1551 et
1065 1510 1143 1564 ira,
1174 1509 1289 1564 apud
1320 1508 1606 1551 circumfusos

33 1568 97 1612 ita
127 1568 282 1623 coepit.
1635 1580 1678 1613 15

153 1626 276 1670 ‘Non
317 1627 425 1670 mihi
466 1642 574 1671 uxor
613 1630 689 1670 aut
726 1627 841 1670 filius
878 1629 1002 1683 patre
1040 1630 1084 1670 et
1121 1641 1166 1669 re
1205 1626 1381 1682 publica
1418 1627 1606 1670 cariores
1620 1630 1678 1672 42

85 1748 118 1780 5.
143 1744 347 1790 yravidam.
374 1742 455 1779 Dio.
476 1747 535 1789 57,
555 1748 577 1780 5
597 1741 781 1789 Ἀγριππί-
905 1747 938 1779 7.
977 1744 1168 1789 Δρήρρα,
1204 1742 1367 1778 Gemahl
1403 1743 1470 1779 der
1506 1743 1609 1779 Julia

35 1803 107 1826 vav
153 1788 345 1837 ἐγκύμονα
388 1784 517 1827 οὖσαν.
568 1791 643 1827 Der
681 1791 784 1827 Sohn
856 1791 933 1826 und
957 1790 1076 1826 Vater
1100 1790 1165 1826 der
1190 1790 1411 1837 Agrippina,
1437 1790 1541 1827 starb
1563 1794 1607 1826 12

36 1836 88 1874 ist
118 1838 184 1874 der
215 1838 359 1874 damals
390 1838 628 1885 zweijahrige
654 1838 783 1885 Gajus,
856 1849 892 1874 v.
913 1837 998 1874 Chr.
1278 1864 1290 1874 ,

38 1886 166 1931 spater
188 1885 327 1921 Kaiser.
904 1889 938 1921 8.
969 1885 1137 1928 Drusus,
1167 1884 1285 1921 Vater
1317 1885 1384 1920 des
1416 1884 1609 1921 Germani-

84 1936 117 1968 6.
153 1933 309 1968 violator
350 1933 446 1967 auch
484 1943 541 1978 cp.
574 1935 620 1968 85
650 1943 685 1968 u.
728 1936 783 1977 11,
858 1944 932 1968 cus.
966 1953 1009 1957 —
1040 1932 1083 1967 in
1108 1933 1240 1968 castris
1263 1932 1424 1977 yenitus,
1450 1932 1513 1967 ein
1537 1932 1608 1967 Irr-

38 1983 102 2023 193
146 1981 250 2015 sonet
291 1978 519 2015 dichtcrisch
556 1979 634 2014 und
669 1979 784 2014 nach·
855 1980 954 2024 tum,
986 1979 1053 2014 der
1082 1979 1168 2014 sehr
1199 1978 1406 2014 verbreitet
1429 1991 1508 2015 war
1531 1980 1609 2014 und

36 2026 230 2062 klassisch.
258 2047 303 2052 —
335 2026 409 2062 Der
434 2025 651 2062 Grofsvater
675 2026 785 2062 Tibe·
859 2026 930 2062 den
967 2024 1107 2061 sueton
1141 2024 1277 2072 (Calig.
1303 2026 1340 2070 8)
1374 2025 1608 2062 ausffihrlich

35 2074 131 2118 rius,
163 2073 219 2109 als
244 2072 519 2119 Adoptivvater
543 2073 608 2109 des
634 2073 785 2109 Germa-
857 2073 1064 2119 widerlegt,
1084 2073 1212 2109 indem
1230 2083 1271 2108 er
1288 2073 1507 2117 nachweist,
1527 2073 1609 2110 dass

35 2121 150 2157 nicus.
858 2120 925 2156 der
962 2119 1091 2156 Knabe
1134 2118 1274 2156 bereits
1316 2121 1481 2166 geboren
1518 2132 1608 2165 war,

84 2171 119 2205 8.
155 2168 306 2214 degener
336 2167 398 2204 bei
428 2167 626 2211 Dichtern,
658 2167 785 2204 Livius
856 2168 973 2203 bevor
1009 2167 1088 2203 sein
1121 2166 1239 2203 Vater
1275 2167 1315 2202 in
1351 2167 1412 2204 die
1449 2167 1609 2204 Provinz

35 2215 113 2251 und
133 2214 330 2262 Spateren3
355 2214 426 2251 mit
444 2216 495 2251 ad
512 2227 583 2250 nur
600 2213 683 2251 hier
700 2225 785 2251 vor·
858 2213 1011 2261 abging.

36 2261 249 2300 kommend.
907 2266 962 2299 12.
1004 2251 1105 2297 Uber
1148 2272 1262 2307 aeque
1302 2273 1412 2308 quam
1450 2275 1477 2298 s.
1510 2262 1609 2299 Einl.

84 2308 151 2347 41.
187 2313 217 2347 1.
249 2309 319 2346 Die
344 2309 592 2356 Schilderung
615 2309 709 2345 wird
732 2309 785 2345 im
858 2313 888 2352 ξ.
903 2313 959 2346 93.
989 2329 1033 2335 -
1061 2309 1164 2345 statt
1182 2313 1294 2345 orant
1311 2310 1492 2347 obsistunt
1510 2314 1610 2346 ware

37 2355 254 2403 Folgenden
266 2358 344 2393 fast
356 2356 596 2402 dramatisch,
616 2358 785 2392 nament-
859 2355 920 2391 die
968 2357 1216 2402 umgekehrte
1260 2355 1435 2403 SteUung
1482 2359 1610 2393 natur-

39 2403 116 2440 lich
136 2404 254 2440 durch
273 2405 334 2440 die
352 2403 534 2450 plotzlich
553 2404 785 2440 eintretende
858 2402 1053 2449 gemasser.

39 2450 185 2487 direkte
210 2451 341 2497 Frage.
909 2454 963 2486 14.
1008 2461 1132 2489 reeens
1173 2451 1246 2486 mit
1287 2450 1446 2487 blossem
1483 2451 1609 2487 Ablat.

3 2503 15 2535 1
45 2507 52 2511 ·
87 2502 120 2534 3.
140 2499 316 2545 proyredi
333 2499 403 2535 mit
420 2497 579 2535 blossem
592 2498 675 2534 Abl.
690 2498 787 2534 auch
860 2498 971 2544 (statt
1022 2499 1158 2534 recenti
1211 2498 1349 2543 dolore)
1404 2497 1611 2543 cigentlich

0 2549 13 2583 ’θ
39 2544 143 2592 virg.
177 2545 221 2582 A.
256 2550 296 2591 3,
331 2550 400 2582 300
437 2549 562 2592 portu.
622 2545 659 2582 S.
689 2544 786 2581 Einl.
861 2544 1007 2590 „frisch
1037 2556 1111 2581 von
1148 2547 1264 2581 etwas
1298 2544 1610 2582 herkommend“.

0 2594 73 2636 ἓξ.
91 2596 149 2638 34,
167 2593 203 2629 b.
863 2595 923 2636 15,
950 2595 1006 2627 59.
1038 2591 1075 2627 h.
1108 2596 1148 2637 3,
1181 2596 1224 2628 ‘1‘1
1274 2603 1395 2628 recens
1442 2593 1609 2629 victoria.

0 2640 20 2684 ᾖ
87 2644 121 2676 4.
153 2641 275 2685 triste,
300 2639 610 2685 substantivisch,
637 2650 664 2676 s.
690 2639 787 2675 Einl.
862 2643 906 2674 19
923 2639 1083 2675 recentia
1107 2640 1214 2675 caede
1237 2640 1401 2685 vestiyia,
1422 2639 1492 2674 wie
1504 2639 1609 2685 Vix-g.

0 2683 72 2730 fi.
92 2690 125 2732 5,
143 2686 180 2723 b.
861 2686 953 2722 Aen.
975 2689 1010 2730 9,
1029 2688 1099 2721 455
1123 2696 1245 2722 recens
1269 2687 1375 2722 caede
1399 2687 1508 2722 locus.
1544 2686 1611 2722 Bei

4 2728 35 2787 ξ’
89 2738 121 2770 6.
153 2737 322 2771 externae
347 2734 434 2778 fidei
462 2734 515 2770 ist
539 2733 670 2770 Genet.
696 2744 787 2779 qua—
859 2732 1079 2769 Klassikern
1104 2736 1209 2768 sonet
1233 2733 1303 2768 mit
1327 2734 1392 2777 ab,
1417 2733 1488 2769 wie
1514 2734 1610 2770 auch

11 2793 18 2795 ‘⁷
43 2779 164 2818 aitaris
191 2780 285 2827 (scil.
311 2783 480 2828 gentem,
504 2781 690 2826 homines)
715 2781 787 2816 wie
858 2780 963 2825 Virg.
989 2780 1031 2815 A.
1058 2784 1097 2824 6,
1123 2783 1193 2816 458
1235 2790 1356 2816 recens
1398 2791 1423 2816 α
1463 2782 1612 2817 vulnere

39 2829 86 2873 4,
104 2831 150 2864 29
175 2828 358 2864 Lentulus
381 2830 573 2865 senectutis
597 2832 785 2865 extremae.
860 2827 964 2863 Dido
989 2828 1147 2864 errabat.

7 2915 19 2925 ,ἱ
44 2872 79 2910 S.
99 2875 197 2912 Einl.
217 2879 250 2919 §-
270 2879 327 2911 45.
910 2873 975 2912 42.
1005 2873 1092 2910 wie
1123 2874 1184 2911 die
1219 2874 1363 2911 fflteren
1381 2875 1611 2919 'Historiker,

1278 2935 1326 2970 5*

0 3029 41 3120 1³}
