1768 3120
576 109 720 146 LIBER«
742 109 770 147 Ῑ.
820 109 925 147 CAP.
947 113 1096 146 18—21.

1560 110 1620 153 55

59 219 203 263 Blaesi
239 220 441 263 tribunus
477 219 695 274 legatione
733 232 783 260 ea
823 217 1076 274 fungeretur
1114 218 1366 274 peteretque
1406 218 1616 261 militibus

61 280 308 322 missionem
347 279 400 321 ab
439 277 624 320 sedecim
662 277 804 332 annis3
849 280 989 319 cetera
1027 277 1324 332 mandaturos,
1364 276 1438 318 ubi
1476 276 1618 332 prima

58 338 365 394 provenissent.
426 337 620 393 profecto
651 337 805 379 iuvene
842 335 1059 379 modicum
1090 336 1243 391 otium3
1282 335 1356 378 sed
1393 336 1617 390 superbire

59 398 193 453 miles,
224 397 339 453 quod
369 397 482 439 filius
508 396 642 452 legati
667 398 813 439 orator
836 395 1034 451 publicae
1059 409 1213 438 causae
1240 395 1347 437 satis
1373 395 1619 438 ostenderet

58 456 310 499 necessitate
341 470 543 512 expressa
572 470 682 511 quae
712 470 790 511 per
820 454 1077 498 modestiam
1106 469 1195 497 non
1226 454 1528 497 obtinuissent.

173 515 346 558 Interea
388 515 600 571 manipuli
650 518 749 557 ante
799 517 999 570 coeptam
1042 514 1298 557 seditionem
1340 513 1617 569 Nauportum
1630 515 1690 557 20
1756 549 1761 554 .

58 573 181 617 missi
212 575 268 617 ob
298 574 458 617 itinera
488 578 533 617 et
562 576 717 630 pontes
750 575 793 616 et
823 574 934 616 alios
964 588 1087 629 usus,
1122 576 1354 629 postquam
1390 573 1616 616 turbatum

56 632 104 675 in
148 634 301 676 castris
345 648 566 689 accepere,
614 633 769 675 vexilla
812 632 1060 676 convellunt
1102 633 1363 688 direptisque
1406 632 1616 687 proximis

56 692 161 735 vicis
192 693 371 748 ipsoque
402 691 647 748 Nauporto,
687 692 800 748 quod
831 692 1055 747 municipii
1084 692 1224 734 instar
1254 693 1360 747 erat,
1389 692 1616 734 retinentis

53 752 325 795 centuriones
350 752 489 794 inrisu
515 755 558 794 et
583 751 867 808 contumeliis,
892 754 1112 807 postremo
1132 751 1383 794 verberibus
1402 751 1614 794 insectan-
1641 762 1663 795 5

53 812 137 866 tur,
166 811 398 867 praecipua
422 812 468 854 in
492 811 768 854 Aufidienum
793 810 953 854 Rufum
978 810 1242 866 praefectum
1272 812 1514 853 castrorum
1538 811 1618 866 ira,

55 884 181 925 quem
218 870 442 926 dereptum
479 871 676 913 vehiculo
714 871 895 913 sarcinis
934 873 1118 927 gravant
1154 872 1372 927 aguntque
1402 871 1541 925 primo
1572 870 1617 912 in

53 929 237 985 agmine,
267 944 344 985 per
373 929 609 972 ludibrium
634 930 873 986 rogitantes
906 945 962 972 an
991 932 1082 972 tam
1112 930 1326 972 immensa
1350 944 1494 985 onera,
1524 932 1616 972 tam

51 988 187 1045 longa
221 989 379 1031 itinera
415 989 604 1032 libenter
639 989 783 1032 ferret.
844 989 1002 1045 quippe
1034 988 1172 1031 Rufus
1211 989 1283 1031 diu
1321 989 1615 1044 manipularis,

52 1047 152 1090 dein
177 1049 382 1102 centurio,
407 1063 508 1091 mox
533 1048 686 1091 castris
711 1048 968 1104 praefectus,
993 1048 1215 1104 antiquam
1242 1047 1476 1103 duramque
1501 1048 1613 1090 mili·
1641 1059 1686 1091 10

49 1107 159 1149 tiam
195 1108 445 1163 revocabat,
483 1109 606 1150 vetus
644 1108 787 1164 operis
827 1122 875 1150 ac
912 1107 1078 1150 laboris
1110 1110 1153 1149 et
1184 1122 1232 1150 eo
1265 1107 1476 1162 inmitior,
1514 1107 1615 1163 quia

48 1166 320 1209 toleraverat.

1643 465 1689 498 15

169 1225 338 1268 Horum
364 1225 551 1269 adventu
581 1225 902 1282 redintegratur
934 1225 1103 1282 seditio,
1134 1228 1178 1268 et
1207 1226 1310 1282 vagi
1342 1225 1614 1268 circumiecta
1627 1227 1683 1270 21

23 1284 384 1340 >populabantur.
445 1284 628 1328 Blaesus
669 1299 828 1341 paucos
838 1319 850 1341 ,
889 1285 1076 1327 maxime
1115 1285 1275 1340 praeda
1315 1287 1516 1340 onustos,
1561 1285 1615 1327 ad

48 1346 258 1386 terrorem
284 1348 522 1387 ceterorum
549 1344 674 1387 adfici
699 1344 962 1399 verberibus,
988 1344 1129 1386 claudi
1154 1358 1322 1387 carcere
1347 1344 1482 1387 iubet:
1513 1359 1615 1387 nam

47 1403 182 1445 etiam
217 1405 314 1466 tuni
346 1403 492 1459 legato
530 1418 556 1445 a
595 1403 915 1446 centurionibus
947 1405 990 1445 et
1021 1404 1184 1459 optimo
1216 1418 1383 1459 quoque
1416 1404 1612 1459 manipu-

47 1461 203 1504 larium
229 1463 478 1517 parebatur.
525 1463 591 1505 illi
618 1463 755 1506 obniti
780 1463 1068 1514 trahentibus,
1098 1477 1300 1518 prensare
1333 1463 1611 1505 circumstan-
1638 1475 1660 1506 5

45 1522 157 1564 tium
189 1535 346 1578 genua,
379 1522 487 1565 ciere
519 1522 647 1565 modo
679 1522 859 1565 nomina
890 1523 1176 1577 singulorum,
1209 1522 1337 1565 modo
1370 1523 1612 1565 centuriam

48 1580 230 1637 quisque
271 1581 390 1624 cuius
430 1581 712 1637 manipularis
754 1584 864 1634 erat,
906 1582 1147 1638 cohortem,
1188 1582 1423 1639 legionem,
1464 1582 1613 1624 eadem

46 1641 248 1682 omnibus
287 1641 496 1683 inminere
534 1641 820 1684 clamitantes.
882 1641 1011 1684 simul
1052 1642 1211 1697 probra
1242 1642 1290 1683 in
1321 1641 1513 1698 legatum
1545 1655 1614 1684 cu-

46 1699 234 1754 mulant,
267 1699 431 1743 caelum
464 1715 513 1743 ac
544 1700 648 1743 deos
680 1701 973 1755 obtestantur,
1002 1700 1113 1742 nihil
1145 1701 1297 1757 reliqui
1327 1701 1495 1743 faciunt
1526 1715 1611 1756 quo

46 1758 189 1801 minus
233 1758 443 1802 invidiam
486 1759 827 1803 misericordiam
870 1762 1032 1802 metum
1077 1762 1120 1802 et
1162 1760 1251 1802 iras
1300 1762 1612 1815 permoverent.
1639 1771 1684 1804 10

47 1817 287 1860 adcurritur
331 1819 385 1861 ab
430 1819 642 1861 universis
693 1822 736 1861 et
785 1833 951 1862 carcere
1001 1819 1176 1862 effracto
1223 1819 1397 1862 solvunt
1439 1820 1613 1862 vincula

54 1876 378 1932 desertoresque
411 1892 460 1920 ac
490 1893 632 1920 rerum
665 1878 915 1933 capitalium
947 1879 1173 1921 damnatos
1204 1879 1289 1920 sibi
1312 1879 1395 1921 iam
1420 1879 1614 1921 miscent.

98 1996 154 2027 11.
168 1992 243 2028 Der
251 1992 411 2039 jungere
422 1993 554 2029 Blasus
566 1993 656 2029 f'allt
668 1995 796 2039 spater-

44 2039 88 2122 ivn
106 2039 292 2121 lUngnade
310 2041 387 2076 und
404 2042 503 2077 totet
521 2041 601 2076 sich
618 2041 671 2076 im
690 2041 723 2078 J.
738 2045 794 2078 36.

80 2099 104 2133 g
123 2115 131 2122 .
151 2091 184 2132 6,
204 2091 260 2124 40.

32 2134 36 2138 ”
99 2138 155 2171 12.
181 2135 228 2171 ab
251 2135 414 2172 sedecim.
457 2135 526 2171 Die
551 2136 703 2181 Prapos.
729 2136 795 2172 be-

47 2181 220 2218 zeichnet
244 2183 314 2218 den
334 2182 495 2226 Termin,
520 2193 594 2218 von
613 2183 794 2219 walchem

50 2229 98 2264 ab
123 2229 328 2275 gerechnet
350 2229 500 2266 werden
525 2230 607 2266 soll.

93 2281 148 2312 13.
169 2278 422 2322 provenissent
446 2295 491 2307 =
513 2288 687 2324 prospere
713 2289 792 2313 suc-

44 2325 254 2360 cessissent.
306 2325 354 2361 So
379 2324 477 2361 oster
502 2324 563 2360 bei
587 2324 672 2360 Tac.

93 2371 159 2407 20.
189 2375 218 2407 1.
244 2371 497 2418 Nauportum,
522 2371 794 2409 Handelsstadt

43 2419 122 2454 und
137 2418 389 2466 Waffenplatz
408 2421 447 2456 in
469 2420 792 2466 Oberpannonien,

0 2477 2 2479 ’
43 2465 214 2502 westlich
241 2478 313 2503 von
337 2466 512 2503 Laibach.

90 2516 122 2549 2.
165 2524 254 2550 usus
291 2513 548 2559 „Bed1‘irfnis“
585 2514 682 2551 auch
726 2514 789 2550 bei

0 2572 3 2588 τ
42 2558 267 2597 Klassikern.

0 2607 4 2653 ξ
90 2610 123 2644 4.
155 2609 353 2654 mwnicipii
382 2610 503 2645 instar
509 2624 523 2654 ;
553 2609 633 2645 also
659 2610 788 2645 wohn-

0 2660 3 2662 '
43 2654 110 2690 ten
135 2655 220 2691 dort
243 2656 428 2692 romische
453 2656 605 2702 Bi'irger.
649 2657 722 2692 Um
748 2668 788 2693 so

0 2711 10 2764 J
42 2701 327 2784 atrafwfirdiger
361 2704 547 2740 erscheint
582 2703 643 2740 die
678 2704 788 2740 Plfin·

0 2765 2 2767 ·
69 2759 196 2796 erung.

0 2826 1 2832 ,
92 2799 125 2832 7.
158 2797 321 2834 vehiculo
345 2797 449 2834 kann
473 2798 586 2835 Dativ
611 2799 688 2834 und
713 2798 787 2835 Ab·

0 2841 10 2886 {¹
42 2840 139 2879 lativ
163 2844 254 2880 sein.

0 2892 2 2894 ’
93 2894 148 2926 11.
179 2895 279 2928 vetus
310 2891 541 2936 „erfahren“
568 2892 786 2940 (eigentlich

869 1995 1051 2040 „ergraut
1067 1994 1156 2040 in“)
1174 1994 1245 2030 mit
1264 1995 1349 2030 dem
1362 1993 1521 2030 Genetiv
1545 1995 1613 2030 hat

868 2042 956 2077 Tac.
983 2042 1096 2085 osten
1129 2041 1252 2077 ausser
1282 2041 1359 2077 ihm
1391 2053 1462 2077 nur
1487 2041 1610 2078 Silius.

866 2088 994 2134 Lange
1044 2088 1380 2135 Kriegserfahrung
1427 2100 1505 2126 war
1552 2089 1612 2125 fiir

867 2135 975 2172 einen
1004 2135 1324 2183 Lagerprafekten
1359 2136 1609 2173 unerlffilieh.

913 2194 978 2232 21.
1004 2200 1036 2232 6.
1063 2197 1154 2232 ciere
1176 2196 1217 2231 in
1241 2195 1365 2232 dieser
1388 2195 1611 2243 Bedeutung

865 2243 963 2279 noch
1004 2243 1111 2279 nicht
1146 2244 1186 2279 in
1223 2243 1448 2280 klassischer
1484 2244 1608 2290 Prosa,

866 2290 963 2326 doch
988 2290 1103 2327 sehon
1127 2291 1189 2327 bei
1212 2290 1352 2327 Livius.

913 2352 945 2385 8.
972 2350 1158 2386 cumulare
1181 2351 1224 2386 in
1248 2351 1403 2397 aliquem
1427 2350 1477 2386 ist
1501 2350 1607 2388 Taci-

864 2395 995 2432 teisch.

913 2459 945 2491 9.
977 2466 1047 2501 quo
1071 2457 1193 2492 minus
1217 2458 1312 2493 statt
1335 2459 1444 2503 quin,
1476 2458 1546 2494 wie
1572 2461 1607 2503 5,

861 2505 894 2537 5.
929 2506 990 2547 13,
1018 2507 1063 2539 14
1093 2515 1205 2550 neque
1230 2505 1417 2550 principis
1451 2506 1605 2542 aua-ibus

860 2550 1040 2586 abstinere
1069 2562 1139 2597 quo
1169 2553 1291 2587 minus
1321 2555 1515 2589 testaretur
1544 2557 1604 2589 etc.

863 2600 919 2641 14,
945 2601 990 2633 39
1015 2609 1080 2634 nec
1105 2599 1225 2642 defuit
1247 2609 1317 2644 quo
1341 2600 1464 2636 minus
1484 2620 1527 2626 —
1547 2601 1606 2636 in-

860 2645 1004 2727 gegfret.
1036 2645 1123 2682 hist.
1142 2649 1175 2691 2,
1195 2649 1252 2681 45.
1272 2649 1329 2682 40.
1361 2645 1450 2693 Agr.
1470 2650 1525 2683 20.
1546 2651 1604 2684 2⁷.

910 2753 964 2786 10.
995 2762 1201 2796 permovere
1230 2751 1302 2788 mit
1335 2752 1420 2789 dem
1444 2753 1604 2790 Accusa-

859 2798 914 2833 tiv
945 2797 1010 2833 des
1042 2798 1112 2834 den
1143 2797 1271 2835 Affekt
1301 2799 1603 2838 bezeichnenden

861 2845 1008 2881 Wortes
1041 2847 1116 2881 erst
1147 2845 1209 2882 bei
1240 2846 1326 2883 Tac.
1353 2847 1429 2884 und
1455 2848 1604 2892 Quinti—

858 2891 946 2928 lian.
990 2892 1074 2939 Vgl.
1096 2897 1130 2938 3,
1148 2897 1203 2930 23.
