1794 3094
588 114 735 152 LIBER
758 114 805 151 ΙΙ.
853 113 957 151 CAP.
983 116 1136 150 33-35,
1566 112 1652 155 115

96 225 336 270 clarissimo
385 223 536 279 cuique
584 223 730 278 plures
779 236 926 277 curas,
974 222 1140 265 maiora
1187 221 1378 276 pericula
1421 221 1655 276 subeunda,

95 283 392 328 delenimentis
432 296 632 325 curarum
663 285 708 324 et
736 281 1024 337 periculorum
1056 281 1286 324 carendum
1318 294 1423 322 esse.
1482 280 1654 322 facilem

96 344 326 388 adsensum
354 342 480 384 Gallo
513 341 592 384 sub
624 341 871 383 nominibus
907 340 1102 383 honestis
1134 340 1346 383 confessio
1377 339 1582 382 vitiorum
1613 343 1656 381 et

95 401 332 447 similitudo
363 401 629 444 audientium
660 400 788 444 dedit.
837 399 1054 442 adiecerat
1079 402 1123 442 et
1146 399 1342 442 Tiberius
1367 412 1456 441 non
1479 398 1524 441 id
1547 401 1654 441 tem·
1680 411 1727 443 20

94 477 175 518 pus
208 475 410 505 censurae
441 474 534 512 nec,
566 460 603 502 si
627 459 729 515 quid
753 460 800 502 in
823 459 1016 502 moribus
1041 459 1221 514 labaret,
1253 458 1503 501 defuturum
1528 458 1656 501 corri-

96 521 227 578 gendi
258 523 488 563 auctorem.

212 579 332 622 Inter
364 593 472 635 quae
503 577 551 622 L.
580 578 680 620 Piso
713 577 926 620 ambitum
956 577 1052 632 fori,
1084 579 1287 633 corrupta
1316 576 1486 635 iudicia,
1518 577 1653 619 saevi·
1669 578 1728 620 34

95 640 202 682 tiam
241 641 464 682 oratorum
501 637 795 680 accusationes
832 637 1124 679 minitantium
1164 637 1409 692 increpans,
1450 636 1569 678 abire
1610 650 1655 678 se

96 701 140 742 et
170 698 319 742 cedere
357 698 481 754 urbe,
518 698 733 739 victurum
772 696 818 738 in
856 696 999 752 aliquo
1038 696 1186 738 abdito
1218 699 1262 738 et
1290 695 1527 751 longinquo
1559 710 1656 738 rure

95 758 360 812 testabatur3
393 756 522 799 simul
552 756 716 799 curiam
747 756 1028 811 relinquebat.
1079 758 1318 798 commotus
1351 757 1418 797 est
1447 754 1658 810 Tiberius,

98 821 142 860 et
168 831 428 873 quamquam
454 816 631 858 mitibus
657 815 800 858 verbis
825 814 1030 858 Pisonem
1054 815 1366 870 permulsisset,
1389 815 1655 871 propinquos
1682 826 1703 858 5

97 891 264 933 quoque
308 877 400 918 eius
450 875 626 930 impulit
666 878 717 916 ut
760 875 989 916 abeuntem
1039 875 1294 917 auctoritate
1342 875 1410 917 vel
1458 874 1657 930 precibus

96 937 305 978 tenerent.
362 934 479 977 haud
518 934 660 976 minus
700 934 828 976 liberi
866 934 1025 976 doloris
1068 933 1370 977 documentum
1406 933 1520 975 idem
1557 933 1657 976 Piso

96 1010 196 1038 mox
227 995 345 1037 dedit
375 996 530 1036 vocata
559 995 606 1036 in
629 994 697 1035 ius
724 992 975 1049 Urgulania,
1006 1007 1135 1048 quam
1170 1007 1301 1047 supra
1323 994 1442 1049 leges
1468 993 1659 1036 amicitia

96 1056 319 1110 Augustae
339 1053 564 1096 extulerat.
608 1067 688 1095 nec
708 1056 784 1094 aut
800 1051 1046 1109 Urgulania
1065 1052 1393 1108 obtemperavit,
1418 1052 1464 1094 in
1484 1052 1657 1095 domum

98 1113 296 1157 Caesaris
337 1115 481 1168 spreto
522 1111 680 1154 Pisone
720 1113 860 1163 vecta,
903 1116 979 1154 aut
1015 1111 1091 1153 ille
1128 1111 1353 1166 abscessit,
1397 1126 1656 1167 quamquam

96 1173 299 1230 Augusta
331 1186 377 1214 se
409 1171 563 1214 violari
594 1174 637 1213 et
666 1171 865 1213 imminui
897 1172 1157 1226 quereretur.
1219 1171 1416 1213 Tiberius
1447 1171 1656 1214 hactenus

97 1232 319 1288 indulgere
340 1231 470 1273 matri
495 1230 621 1273 civile
646 1233 779 1285 ratus,
804 1233 854 1272 ut
878 1244 925 1272 se
949 1231 1111 1272 iturum
1136 1230 1190 1272 ad
1215 1230 1426 1285 praetoris
1452 1230 1658 1285 tribunal,

99 1291 347 1333 adfuturum
377 1289 643 1346 Urgulaniae
675 1289 852 1344 diceret,
889 1289 1102 1345 processit
1131 1288 1319 1344 Palatio,
1355 1290 1506 1344 procul
1538 1291 1657 1346 sequi

98 1351 227 1393 iussis
276 1349 498 1392 militibus.
560 1349 836 1404 spectabatur
886 1351 1135 1391 occursante
1183 1349 1342 1405 populo
1393 1350 1657 1405 compositus

99 1424 172 1452 ore
198 1412 242 1451 et
267 1408 535 1451 sermonibus
561 1408 693 1450 variis
719 1410 890 1463 tempus
916 1411 1047 1463 atque
1079 1408 1162 1450 iter
1193 1408 1364 1463 ducens,
1395 1407 1529 1451 donec
1559 1424 1656 1464 pro-

98 1468 271 1525 pinquis
291 1467 495 1510 Pisonem
514 1467 677 1510 frustra
703 1467 994 1510 coarcentibus
1021 1467 1176 1510 deferri
1196 1468 1396 1524 Augusta
1419 1469 1658 1524 pecuniam,

99 1542 208 1584 quae
243 1527 491 1583 petebatur,
528 1527 704 1570 iuberet.
765 1527 887 1582 isque
923 1527 1021 1569 finis
1059 1527 1141 1582 rei,
1178 1542 1229 1569 ex
1267 1541 1351 1582 qua
1387 1542 1525 1583 neque
1556 1527 1658 1570 Piso

99 1587 315 1643 inglorius
361 1588 404 1628 et
446 1585 606 1630 Caesar
649 1586 809 1628 maiore
852 1585 971 1629 fama
1013 1586 1109 1629 fuit.
1170 1589 1360 1629 ceterum
1392 1586 1659 1642 Urgulaniae

97 1646 291 1702 potentia
328 1646 433 1688 adeo
468 1645 604 1688 nimia
641 1645 810 1688 civitati
842 1649 950 1699 erat,
988 1648 1038 1688 ut
1066 1647 1190 1688 testis
1222 1646 1268 1688 in
1300 1661 1430 1688 causa
1460 1647 1658 1702 quadam,

99 1720 207 1761 quae
239 1706 353 1761 apud
385 1707 581 1748 senatum
617 1704 905 1760 tractabatur,
941 1705 1087 1747 venire
1124 1705 1438 1760 dedignaretur.
1499 1706 1657 1749 missus
1683 1717 1732 1749 20

99 1767 167 1807 est
203 1767 392 1820 praetor,
429 1764 503 1820 qui
535 1764 651 1806 domi
682 1763 990 1820 interrogaret,
1027 1778 1123 1806 cum
1159 1765 1348 1821 virgines
1381 1764 1582 1808 Vestales
1612 1766 1658 1808 in

99 1824 192 1867 foro
233 1828 277 1866 et
315 1823 471 1866 iudicio
513 1823 669 1878 audiri,
709 1824 909 1878 quotiens
949 1823 1247 1867 testimonium
1285 1824 1492 1880 dicerent,
1532 1827 1657 1868 vetus

100 1898 193 1926 mos
224 1883 366 1925 fuerit.

218 1942 304 1984 Res
336 1956 385 1984 eo
418 1956 531 1984 anno
556 1941 748 1997 prolatas
773 1941 888 1983 haud
913 1941 1130 1996 referrem,
1159 1942 1206 1984 ni
1234 1942 1419 1997 pretium
1443 1942 1556 1985 foret
1582 1942 1657 1986 Cn.
1672 1943 1730 1986 35

101 2001 271 2044 Pisonis
310 2003 353 2042 et
390 2000 534 2042 Asinii
571 1998 689 2042 Galli
726 2014 854 2055 super
891 2014 942 2043 eo
978 2002 1152 2056 negotio
1190 2001 1379 2043 diversas
1423 2003 1659 2044 sententias

1685 1123 1729 1155 10

1685 1419 1729 1452 15

151 2098 206 2130 19.
238 2093 305 2129 sub
335 2103 429 2129 nom.
453 2093 536 2129 hon.
562 2091 659 2127 nach
686 2091 776 2127 Sall.
801 2092 845 2127 fr.

106 2146 143 2186 1,
171 2145 215 2177 10
241 2140 302 2187 (D)
330 2141 398 2177 sub
428 2141 572 2176 honesto
597 2142 750 2185 patrum
781 2143 847 2175 aut

99 2189 217 2236 plebis
240 2189 394 2224 nomine.

150 2240 207 2272 22.
256 2239 448 2272 auctorem.
501 2233 552 2269 Er
599 2234 718 2269 meint
766 2233 845 2269 sich

103 2283 229 2319 selbst.

149 2331 214 2367 34.
242 2336 271 2367 1.
292 2330 451 2367 ambitus
468 2330 544 2374 fori
562 2328 613 2365 ist
624 2328 845 2365 Parteilich-

104 2377 186 2415 keit
209 2379 275 2414 der
298 2378 460 2414 Richter.

151 2430 183 2462 2.
222 2426 323 2462 abire
358 2425 434 2461 und
470 2425 590 2461 cedere
632 2424 740 2469 (statt
780 2423 846 2458 des

103 2473 317 2518 Futurums)
348 2483 423 2508 von
453 2471 555 2508 einer
588 2473 684 2507 nahe
716 2472 846 2507 bevor-

106 2520 309 2556 stehenden
338 2519 551 2565 Handlung.
601 2518 708 2555 Auch
742 2520 847 2554 sons-t

106 2567 393 2610 vorkommend,
419 2567 489 2602 wie
518 2571 578 2611 14,
606 2570 650 2601 14
675 2569 847 2611 ratusque

105 2615 257 2651 dedecus
281 2615 429 2656 molliri,
454 2615 488 2650 si
506 2615 634 2659 plures
657 2614 846 2657 foedasset.

105 2662 193 2709 Agr.
220 2666 240 2698 9
275 2663 467 2699 comitante
497 2662 667 2707 opinione
691 2661 846 2696 Britan-

105 2711 208 2745 m'am
232 2710 265 2746 ei
289 2710 520 2755 provinciam
545 2709 640 2745 dari.
690 2707 785 2744 Vell.
813 2711 846 2751 2,

109 2761 147 2802 1,
178 2761 199 2792 5
233 2768 336 2802 quem
371 2757 430 2792 illi
465 2757 620 2802 recipere
661 2766 697 2791 se
738 2766 846 2800 nega-

107 2808 245 2840 verunt.
278 2803 370 2840 Sehr
395 2803 514 2839 selten
541 2803 600 2839 bei
619 2801 746 2839 Cicero
771 2802 846 2836 und

110 2851 232 2888 Casar.

158 2902 212 2934 13.
244 2899 435 2944 procedere
471 2898 541 2934 mit
575 2896 734 2933 blossem
772 2896 844 2932 Ab·

918 2091 1024 2137 lativ‚
1050 2092 1120 2128 wie
1146 2093 1267 2137 abire,
1291 2104 1548 2140 prorumpere,
1576 2105 1660 2141 pro-

917 2151 1028 2184 mere,
1052 2141 1256 2186 depromere
1279 2141 1354 2176 und
1381 2141 1456 2187 dgl.
1505 2141 1591 2188 Vgl.
1616 2154 1661 2178 zu

918 2191 953 2232 2,
980 2191 1036 2223 19.

967 2238 1021 2270 14.
1046 2235 1233 2271 militibus.
1262 2239 1294 2280 1,
1309 2240 1328 2271 7
1348 2237 1450 2272 miles
1467 2237 1509 2271 in
1526 2237 1661 2282 forum,

917 2283 1018 2318 miles
1042 2283 1083 2318 in
1108 2284 1250 2319 cuffiam
1274 2284 1526 2320 comitabatur.

966 2333 1023 2367 20.
1048 2331 1244 2376 dediynari
1261 2330 1313 2366 ist
1332 2331 1559 2367 dichterisch
1583 2332 1659 2367 und

917 2377 1215 2422 nachklassisch,
1258 2378 1327 2414 mit
1370 2379 1455 2414 dem
1497 2379 1659 2414 Infinitiv

918 2426 995 2460 erst
1020 2425 1092 2472 seit
1117 2425 1222 2461 Ovid.

965 2476 1022 2508 22.
1047 2472 1149 2508 Uber
1173 2473 1337 2518 quotiens
1361 2473 1432 2508 mit
1457 2473 1542 2509 dem
1561 2473 1659 2509 Kon-

912 2519 1065 2564 junktiv
1091 2531 1119 2555 s,
1138 2519 1235 2556 Einl.
1256 2523 1287 2563 ξ.
1308 2523 1364 2555 88.

964 2566 1027 2601 35.
1041 2571 1071 2603 1.
1085 2577 1141 2602 res
1146 2569 1312 2611 proferre
1320 2577 1395 2602 war
1405 2567 1469 2602 der
1479 2566 1659 2602 stehende

917 2613 1114 2649 Ausdruck
1147 2613 1206 2649 fiir
1243 2614 1303 2649 die
1338 2614 1558 2659 Vertagung
1594 2614 1661 2649 der

919 2659 1158 2696 offentlichen
1202 2660 1536 2706 Verhandlungen‚
1583 2673 1659 2697 was

918 2707 999 2742 hier
1022 2720 1066 2742 zu
1092 2709 1361 2752 ungewohnter
1381 2708 1463 2743 Zeit
1480 2709 1578 2744 trotz
1597 2720 1659 2744 an-

919 2755 1102 2800 gesetzter
1126 2754 1297 2790 Termine
1322 2755 1506 2791 cintreten
1539 2755 1659 2792 sollte.

920 2822 964 2827 —
998 2795 1097 2838 Uber
1179 2803 1288 2838 etium
1324 2806 1375 2838 est
1412 2814 1439 2838 s.
1466 2815 1511 2839 zu
1539 2807 1574 2848 1,
1602 2808 1658 2839 57.

920 2870 962 2931 1—
985 2840 1089 2932 1{ber
1144 2861 1177 2884 n.
1206 2849 1424 2896 Calpurnius
1449 2851 1534 2887 Piso
1562 2863 1588 2886 s,
1614 2863 1660 2886 zu

949 2924 957 2941 ,
1032 2924 1040 2932 .

1329 2957 1376 2989 8*
