1806 3094
596 103 742 140 LIBER
764 103 811 140 ΙΙ.
861 102 962 140 GAP.
981 107 1134 140 36—38.

1563 103 1646 146 117

90 214 273 257 inlectus
313 227 340 255 a
378 212 477 255 divo
515 211 716 269 Augusto
756 211 1019 255 liberalitate
1059 210 1227 254 deciens
1266 212 1455 254 sestertii
1492 212 1648 255 ducere

90 287 279 326 uxorem,
310 272 526 327 suscipere
556 271 729 326 liberos,
759 286 814 314 ne
847 271 1086 314 clarissima
1115 270 1282 313 familia
1314 270 1646 327 extingueretur.
1675 279 1696 312 5

90 332 224 387 igitur
255 333 460 387 quattuor
489 330 590 373 filiis
623 334 722 373 ante
753 331 886 373 limen
917 331 1058 373 curiae
1097 330 1389 384 adstantibus,
1427 330 1522 373 loco
1555 345 1647 373 sen-

89 391 269 445 tentiae,
312 405 409 433 cum
451 390 498 432 in
537 389 706 433 Palatio
751 393 927 432 senatus
969 389 1219 444 haberetur,
1262 389 1388 431 modo
1427 388 1650 433 Hortensii

88 451 203 493 inter
228 451 421 492 oratores
449 449 580 491 sitam
604 449 851 505 imaginem,
876 449 1005 492 modo
1032 449 1221 505 Augusti
1245 449 1429 504 intuens,
1456 449 1510 491 ad
1535 449 1649 491 hunc

89 509 264 552 modum
301 509 460 564 coepit:

500 507 667 564 ‘patres
704 509 955 564 conscripti,
991 508 1091 563 hos,
1131 523 1312 563 quorum
1348 522 1574 550 numerum
1606 511 1650 550 et

88 568 317 624 pueritiam
342 567 509 622 videtis,
539 582 626 610 non
657 570 811 623 sponte
844 568 1013 622 sustuli,
1045 567 1117 609 sed
1152 568 1252 622 quia
1276 568 1477 623 princeps
1503 582 1649 610 mone-
1676 576 1720 609 10

89 628 184 683 bat;
217 627 345 669 simul
376 627 561 670 maiores
593 629 678 670 mei
708 630 953 670 meruerant
976 629 1026 669 ut
1049 630 1247 682 posteros
1279 627 1499 669 haberent.
1547 641 1649 669 nam

93 701 192 744 ego,
218 688 291 742 qui
321 701 411 729 non
442 687 680 742 pecuniam,
710 701 799 729 non
831 686 972 729 studia
1002 686 1151 742 populi
1181 700 1319 741 neque
1346 687 1650 741 eloquentiam,

91 746 255 802 gentile
296 746 448 789 domus
488 749 663 789 nostrae
703 746 884 801 bonum,
923 747 1133 788 varietate
1173 747 1418 800 temporum
1458 745 1650 801 accipere

95 805 164 848 vel
194 820 347 861 parare
378 805 634 861 potuissem,
666 806 772 848 satis
803 805 1035 859 habebam,
1074 805 1110 847 si
1140 807 1289 847 tenues
1320 819 1388 847 res
1420 819 1541 847 meae
1571 819 1650 847 nec

91 864 200 907 mihi
239 865 394 920 pudori
429 879 508 907 nec
538 866 739 920 cuiquam
770 865 888 907 oneri
918 865 1073 907 forent.
1133 865 1275 906 iussus
1308 864 1362 906 ab
1393 864 1652 919 imperatore
1680 873 1723 906 15

476 938 528 966 en
561 925 692 980 stirps
725 926 768 966 et
792 924 1023 981 progenies
1053 925 1121 966 tot
1152 923 1389 977 consulum,
1420 926 1488 966 tot
1519 923 1650 965 dicta-

310 997 388 1025 nec
430 983 483 1025 ad
523 984 730 1026 invidiam
770 983 857 1025 ista
897 983 969 1025 sed
1009 983 1301 1025 conciliandae
1334 982 1651 1025 misericordiae

91 938 270 967 uxorem
302 924 414 966 duxi.

93 986 250 1026 torum.

90 1042 241 1085 refero.
292 1043 580 1098 adsequentur
608 1043 787 1085 florente
818 1046 874 1097 te,
905 1041 1077 1096 Caesar,
1109 1056 1216 1097 quos
1249 1042 1414 1084 dederis
1446 1042 1650 1084 honores:

89 1102 262 1144 interim
306 1101 354 1151 Q.
394 1101 620 1144 Hortensii
664 1104 941 1157 pronepotes,
991 1101 1078 1144 divi
1122 1101 1311 1157 Augusti
1355 1101 1550 1144 alumnos
1595 1102 1650 1144 ab

87 1161 237 1216 inopia
268 1160 472 1203 defende?

206 1220 440 1263 Inclinatio
474 1223 647 1262 senatus
679 1220 1005 1263 incitamentum
1040 1219 1213 1262 Tiberio
1245 1219 1329 1261 fuit
1361 1234 1446 1275 quo
1477 1235 1651 1276 promp-
1665 1219 1721 1262 38

88 1280 176 1322 tius
203 1280 510 1331 adversaretur,
534 1280 602 1322 his
627 1279 761 1321 ferme
787 1279 929 1322 verbis
954 1293 1077 1322 usus:
1103 1278 1156 1320 ‘si
1182 1281 1390 1334 quantum
1415 1294 1652 1334 pauperum

91 1341 157 1381 est
187 1339 333 1382 venire
364 1339 448 1381 huc
478 1344 522 1381 et
553 1339 702 1381 liberis
736 1338 824 1381 suis
865 1342 1011 1394 petere
1048 1338 1251 1394 pecunias
1289 1339 1523 1394 coeperint,
1566 1339 1650 1381 sin-

89 1398 183 1453 guli
218 1413 454 1454 numquam
494 1397 837 1454 exsatiabantur,
874 1412 941 1440 res
978 1398 1153 1453 publica
1195 1397 1374 1440 deficiet.
1435 1412 1512 1440 nec
1551 1412 1652 1440 sane

88 1457 185 1500 ideo
224 1472 250 1499 a
286 1457 522 1500 maioribus
561 1471 809 1500 concessum
847 1459 913 1500 est
951 1457 1097 1513 egredi
1135 1456 1365 1513 aliquando
1400 1457 1650 1500 relationem
1676 1466 1697 1499 5

89 1520 132 1559 et
173 1516 286 1572 quod
327 1516 372 1558 in
413 1531 639 1559 commune
681 1517 891 1559 conducat
930 1517 1024 1559 loco
1071 1517 1307 1559 sententiae
1349 1516 1560 1572 proferre,
1602 1519 1652 1558 ut

86 1577 259 1632 privata
295 1576 471 1631 negotia
508 1579 552 1618 et
590 1591 660 1618 res
697 1576 936 1618 familiares
973 1578 1146 1618 nostras
1185 1576 1255 1618 hic
1286 1590 1521 1631 augeamus
1553 1590 1651 1618 cum

86 1635 248 1678 invidia
281 1638 456 1677 senatus
488 1637 532 1677 et
562 1636 819 1691 principum,
851 1635 940 1678 sive
972 1635 1230 1677 indulserint
1262 1635 1535 1690 largitionem
1562 1636 1651 1677 sive

90 1695 331 1737 abnuerint.
380 1709 469 1737 non
495 1694 609 1736 enim
635 1709 784 1749 preces
812 1697 915 1737 sunt
940 1694 1069 1749 istud,
1097 1694 1171 1736 sed
1198 1694 1467 1750 efflagitatio,
1497 1694 1651 1736 intem-

88 1755 258 1809 pestiva
289 1754 461 1809 quidem
495 1756 539 1796 et
571 1755 812 1809 inprovisa,
852 1769 949 1796 cum
989 1754 1085 1796 aliis
1123 1753 1174 1795 de
1211 1754 1338 1796 rebus
1376 1754 1653 1797 convenerint
1679 1764 1723 1796 10

135 1897 169 1929 4.
213 1894 366 1929 inlectus
407 1894 479 1928 mit
515 1892 673 1929 blossem
712 1894 834 1929 Infini-

86 1941 246 2031 ‘givvpur
280 1941 361 1976 hier
391 1940 468 1976 und
500 1944 538 1987 4,
570 1945 624 1977 12.
675 1940 711 1976 S.
738 1941 834 1976 Einl.

139 2051 171 2084 7.
215 2047 257 2082 in
294 2046 452 2083 Palatio.
497 2048 685 2092 Augustus
722 2050 832 2093 griin·

90 2095 175 2130 dete
201 2094 272 2129 den
294 2094 451 2140 Tempel
470 2094 534 2130 des
554 2094 835 2130 Palatinischen

89 2141 218 2187 Apoll,
263 2141 432 2177 daneben
476 2141 536 2176 die
578 2141 832 2177 Palatinische

87 2188 317 2234 Bibliothek,
336 2200 393 2225 wo
414 2189 531 2225 sehon
551 2202 596 2224 zu
617 2188 737 2225 seiner
751 2188 833 2225 Zeit

94 2237 150 2272 oft
187 2237 246 2272 die
285 2236 615 2282 Senatssitzungen
655 2237 832 2283 gehalten

92 2284 254 2321 wurden.

139 2346 172 2379 8.
205 2345 314 2379 sitam
334 2361 379 2372 =
398 2343 579 2389 positam,
605 2354 632 2377 s.
653 2353 698 2377 zu
723 2353 777 2388 cp.
801 2345 831 2378 ’1.

139 2405 193 2439 11.
219 2405 427 2438 meruerant
443 2405 497 2446 ut,
510 2400 580 2437 wie
595 2401 710 2436 sehon
723 2400 832 2436 Plau-

91 2451 152 2486 tus
176 2449 252 2485 und
279 2448 351 2485 Cic.
373 2449 418 2485 de
444 2460 496 2485 or.
526 2452 557 2492 1,
577 2452 623 2484 54
647 2450 835 2494 respondit

90 2507 163 2533 sese
192 2497 363 2533 meruisse
393 2501 435 2533 ut
466 2497 701 2542 amplissimis
723 2497 833 2532 hono-

91 2545 195 2580 ribus
218 2548 252 2580 et
272 2545 450 2589 praemiis
473 2545 714 2580 decoraretur.
761 2544 833 2579 Da-

93 2602 214 2637 gegcn
247 2591 319 2627 mit
353 2591 438 2626 dem
468 2590 634 2627 Infinitiv
665 2602 749 2627 ann.
779 2595 833 2635 15,

94 2642 137 2674 67
171 2639 292 2675 amari
320 2639 502 2682 meruisti,
533 2650 610 2674 was
639 2638 834 2674 nachklas-

94 2685 192 2721 sisch
217 2687 277 2723 ist.

141 2748 196 2780 13.
238 2745 406 2791 accipere.
459 2744 546 2780 Scin
576 2743 693 2780 Vater
728 2744 834 2780 hatte

95 2790 151 2828 als
175 2792 376 2838 Anhfinger
402 2791 466 2828 des
492 2791 627 2827 Brutus
653 2791 728 2827 und
748 2791 834 2826 Cas-

93 2839 168 2874 sius
206 2840 321 2875 durch
359 2839 419 2875 die
456 2838 714 2884 Proskription
756 2840 835 2874 sein

94 2885 219 2922 Leben
240 2886 462 2932 eingebiil'st,
477 2886 651 2923 wodurch
664 2886 834 2932 zugleich

911 1894 978 1929 das
997 1894 1207 1939 Vermbgen
1233 1893 1293 1928 fiir
1312 1893 1372 1928 die
1392 1892 1551 1929 Familie
1570 1904 1651 1929 ver-

908 1941 1015 1977 loren
1040 1941 1142 1986 ging.

957 1991 1011 2024 14.
1036 1990 1128 2023 satis
1150 1988 1342 2032 habebam,
1367 1988 1418 2032 si,
1442 1988 1512 2024 wie
1538 1991 1577 2029 4,
1605 1991 1650 2023 38

908 2036 1066 2080 satisque
1084 2036 1223 2079 habere,
1247 2036 1281 2071 si
1305 2036 1422 2071 locum
1441 2035 1651 2080 principem

907 2083 1085 2127 impleam.
1129 2081 1238 2118 Diese
1257 2082 1528 2118 Konstruktion
1549 2083 1651 2118 steht

909 2131 1030 2165 zuerst
1055 2130 1115 2165 bei
1140 2130 1274 2174 Horaz,
1299 2130 1398 2165 daun
1423 2130 1485 2166 bei
1508 2129 1647 2174 Livius,

907 2176 1033 2222 Nepos
1058 2177 1135 2212 und
1161 2176 1352 2223 Spateren.

954 2228 1008 2261 17.
1040 2216 1141 2260 Uber
1170 2225 1243 2260 den
1267 2224 1443 2261 Wechsel
1474 2225 1538 2260 des
1564 2225 1648 2260 Dat.

905 2271 1101 2318 gerundivi
1131 2272 1202 2307 mit
1232 2273 1298 2307 der
1328 2272 1568 2318 Pr'aposition
1599 2273 1651 2308 ad

905 2331 933 2354 s.
954 2332 999 2355 zu
1025 2331 1081 2365 cp.
1102 2323 1134 2355 6.

952 2367 1015 2403 38.
1042 2370 1074 2402 5.
1100 2368 1220 2413 eyredi
1238 2368 1450 2403 relationem
1469 2367 1649 2403 bedentet

905 2414 966 2449 die
1003 2414 1259 2460 Abweichung
1297 2426 1370 2450 von
1407 2415 1472 2450 der
1509 2414 1648 2459 Tages-

907 2462 1086 2507 ordnung.
1124 2461 1270 2497 Anders
1289 2463 1437 2498 excessit
1455 2461 1495 2496 in
1516 2472 1571 2507 cp.
1592 2464 1647 2499 33.

954 2512 986 2545 8.
1012 2510 1234 2545 indulserint
1248 2509 1323 2544 und
1336 2509 1549 2551 annuerint,
1570 2510 1648 2544 ent—

905 2556 1029 2592 weder
1043 2555 1144 2602 Conj.
1159 2555 1328 2601 perfecti,
1343 2567 1415 2591 von
1429 2556 1513 2591 dem
1526 2555 1649 2591 Final-

907 2603 985 2638 satz
1007 2602 1218 2647 attrahiert,
1242 2602 1331 2639 oder
1352 2603 1434 2638 Fut.
1458 2602 1503 2638 II.
1542 2603 1649 2639 Nach

907 2649 979 2685 den
999 2651 1141 2695 Spuren
1167 2650 1232 2685 der
1250 2650 1458 2685 Handschr.
1478 2650 1528 2686 ist
1553 2651 1649 2686 auch

906 2697 972 2732 der
995 2696 1179 2732 indicativ
1206 2697 1303 2732 Perf.
1330 2697 1506 2742 meglich.
1549 2688 1649 2733 Uber

906 2745 1094 2790 indulgere
1127 2744 1198 2779 mit
1231 2745 1316 2780 dem
1349 2744 1550 2781 Accusativ
1582 2744 1648 2781 der

907 2791 1025 2827 Sache
1050 2803 1076 2828 s.
1096 2804 1140 2826 zu
1167 2796 1197 2835 1,
1219 2794 1274 2827 52.

954 2842 986 2875 9.
1023 2850 1098 2875 non
1123 2849 1247 2884 preces
1277 2842 1364 2874 sunt
1399 2839 1511 2883 istud,
1549 2852 1576 2875 s.
1602 2852 1647 2874 zu

907 2890 939 2932 1,
966 2890 1010 2922 49
1035 2897 1110 2922 non
1134 2887 1349 2922 medicinam
1374 2887 1479 2923 illud.
