1820 3100
580 100 728 138 mesa
750 100 813 137 xi.
858 99 961 137 cAP.
987 104 1045 136 23.
1071 102 1128 134 24.
1583 99 1638 140 21

71 210 190 253 domi
227 210 348 266 quies
387 212 431 252 et
469 210 674 253 adversus
706 211 884 252 externa
913 208 1134 250 floruimus
1141 240 1154 262 ‚
1192 208 1308 260 [cum
1339 206 1640 262 Transpadani

69 270 115 311 in
147 269 366 311 civitatem
398 269 578 325 recepti]
611 283 707 311 cum
739 267 880 323 specie
911 267 1190 309 deductarum
1219 280 1297 321 per
1325 266 1474 308 orbem
1498 268 1640 309 terrae

69 327 291 384 legionum
323 329 481 371 additis
513 327 843 384 provincialium
873 326 1150 369 validissimis
1181 325 1297 368 fesso
1328 325 1510 379 imperio
1542 325 1640 367 sub-

69 389 247 430 ventum
279 391 357 431 est.
411 402 516 430 num
546 386 742 442 paenitet
771 385 934 428 Balbos
966 400 1018 428 ex
1045 384 1262 441 Hispania
1291 398 1370 426 nec
1401 383 1546 426 minus
1576 384 1639 427 in-

70 447 216 502 signes
247 447 363 490 viros
395 461 418 489 e
449 446 594 489 Gallia
622 444 899 488 Narbonensi
928 443 1212 488 transivisse?
1267 446 1444 486 manent
1474 443 1639 498 posteri

69 521 217 548 eorum
260 521 339 549 nec
382 519 529 549 amore
572 506 619 547 in
662 504 775 547 hanc
817 504 1005 560 patriam
1047 504 1174 547 nobis
1218 503 1471 546 concedunt.
1539 502 1640 558 quid

70 565 189 608 aliud
230 565 360 608 exitio
397 564 750 607 Lacedaemoniis
787 566 831 606 et
863 563 1202 606 Atheniensibus
1239 563 1341 617 fuit,
1377 576 1641 618 quamquam

71 624 203 667 armis
233 625 460 680 pollerent,
490 624 578 666 nisi
609 623 723 680 quod
755 623 893 666 victos
924 638 1003 679 pro
1037 623 1292 679 alienigenis
1324 621 1560 664 arcebant?
1595 623 1641 663 at

70 684 268 726 conditor
296 683 438 726 nostri
470 683 680 725 Romulus
711 685 883 725 tantum
914 682 1126 738 sapientia
1156 682 1303 735 valuit,
1333 683 1383 722 ut
1411 681 1639 735 plerosque

69 744 254 799 populos
286 743 438 786 eodem
463 742 531 785 die
556 742 716 797 hostes,
749 742 849 784 dein
874 742 987 784 cives
1012 742 1226 784 habuerit.
1276 740 1463 782 advenae
1488 740 1536 781 in
1558 753 1638 782 nos

67 804 373 858 regnaverunt:
410 801 713 845 libertinorum
749 801 851 844 filiis
889 801 1172 857 magistratus
1209 799 1415 842 mandare
1450 813 1556 853 non,
1592 801 1642 841 ut

68 861 264 918 plerique
295 861 518 917 falluntur,
548 875 715 916 repens,
746 861 821 903 sed
850 861 984 916 priori
1009 860 1170 915 populo
1194 859 1442 902 factitatum
1468 860 1546 900 est.
1596 859 1641 900 at

69 935 166 964 cum
196 920 440 964 Senonibus
470 920 779 976 pugnavimus:
810 915 972 962 s'cilicet
996 919 1147 962 Vulsci
1171 921 1215 961 et
1240 918 1381 973 Aequi
1405 931 1641 973 numquam

68 981 294 1023 adversam
330 980 458 1023 nobis
498 980 634 1022 aciem
670 979 922 1021 instruxere.
984 979 1103 1034 capti
1138 994 1163 1021 a
1195 977 1330 1020 Gans
1363 991 1527 1020 sumus:
1566 976 1639 1019 sed

65 1042 109 1081 et
139 1039 290 1082 Tuscis
322 1039 496 1082 obsides
528 1039 724 1081 dedimus
756 1040 799 1081 et
830 1036 1087 1081 Samnitium
1122 1038 1273 1093 iugum
1310 1037 1534 1079 subiimus.
1590 1050 1639 1078 ac

64 1101 225 1153 tamen,
258 1098 295 1140 si
328 1101 480 1141 cuncta
510 1098 625 1140 bella
656 1112 891 1152 recenseas,
922 1098 1091 1140 nullum
1115 1097 1311 1139 breviore
1337 1096 1481 1151 spatio
1508 1109 1637 1151 quam

67 1157 272 1200 adversus
310 1156 460 1200 Gallos
499 1157 765 1199 confectum:
809 1157 1013 1199 continua
1050 1156 1150 1199 inde
1188 1170 1238 1198 ac
1274 1156 1360 1198 fida
1396 1170 1493 1211 pax.
1553 1155 1640 1196 iam

67 1217 261 1259 moribus
294 1216 459 1259 artibus
494 1215 791 1258 adfinitatibus
822 1216 986 1259 nostris
1012 1216 1138 1258 mixti
1163 1230 1316 1258 aurum
1342 1217 1387 1256 et
1411 1228 1514 1270 opes
1541 1228 1641 1256 suas

63 1275 254 1318 inferant
271 1276 416 1330 potius
438 1290 569 1331 quam
589 1276 778 1330 separati
797 1275 997 1317 habeant.
1042 1275 1201 1330 omnia,
1225 1276 1372 1329 patres
1392 1272 1637 1328 conscripti,

64 1349 175 1390 quae
210 1349 326 1377 nunc
364 1334 657 1377 vetustissima
693 1334 945 1390 creduntur,
982 1349 1095 1377 nova
1130 1334 1267 1376 fuere:
1306 1332 1468 1388 plebeii
1502 1331 1636 1387 magi-

65 1396 228 1436 stratus
259 1396 362 1449 post
392 1394 617 1449 patricios,
654 1393 803 1436 Latini
838 1396 939 1449 post
970 1394 1184 1449 plebeios,
1215 1395 1456 1436 ceterarum
1486 1391 1640 1434 Italiae

895 1521 990 1557 dass·
1002 1521 1099 1557 auch
1118 1521 1178 1557 die
1198 1521 1318 1557 Enkel
1338 1520 1404 1556 der
1421 1518 1642 1555 Libertinen

894 1569 934 1604 in
972 1569 1037 1605 der
1070 1569 1213 1605 alteren
1245 1568 1326 1603 Zeit
1357 1567 1467 1603 keine
1500 1566 1641 1602 staats-

895 1617 1016 1652 amter
1056 1615 1250 1652 erhielten.
1315 1615 1442 1650 Selbst
1484 1613 1524 1649 in
1568 1613 1642 1648 den

893 1663 1130 1699 Ritterstand
1160 1663 1263 1698 ward
1301 1663 1374 1699 seit
1409 1666 1454 1697 21
1487 1673 1522 1697 n.
1555 1660 1641 1696 Chr.

117 1525 173 1557 11.
220 1520 290 1557 Die
331 1522 464 1557 Worte
507 1532 588 1557 cum
634 1521 822 1567 Transpa-

70 1569 165 1604 dani
198 1569 241 1604 in
273 1570 454 1605 civitatem
485 1570 617 1614 recepti
647 1569 821 1605 scheinen

73 1616 260 1652 demnach
286 1616 347 1652 ein
372 1616 543 1652 Glossem
568 1629 613 1651 zu
638 1616 730 1652 sein.

119 1678 173 1712 12.
202 1675 441 1711 deductarum
461 1675 527 1710 ctt.
564 1674 635 1711 Die
652 1675 822 1711 Darstel-

69 1722 160 1768 lung
185 1722 237 1758 ist
261 1721 390 1767 schief‚
415 1722 513 1757 denn
538 1722 643 1758 nicht
667 1735 731 1758 um
754 1722 821 1758 das

69 1768 321 1814 Bfirgerrecht
346 1781 391 1804 zu
411 1769 633 1814 verbreiten,
660 1770 821 1805 sondern

70 1827 134 1851 um
174 1816 275 1851 scine
306 1816 518 1852 Veteranen
554 1829 599 1852 zu
634 1817 822 1852 belohnen

68 1863 145 1898 und
170 1863 398 1908 abzufinden,
423 1862 608 1909 grfindete
627 1862 820 1909 Augustus

72 1909 429 1954 Militarkolonieen‚
439 1911 478 1945 in
487 1910 628 1946 welche
639 1922 715 1945 nun
726 1911 823 1946 auch

70 1956 277 1993 Bewohner
295 1957 361 1992 der
375 1957 582 1993 Provinzen
605 1957 661 1993 als
681 1957 824 2004 Biirger

75 2004 254 2050 recipiert
278 2004 441 2039 wurden.

125 2067 179 2099 14.
211 2062 282 2099 Die
307 2062 470 2099 Cornelii
487 2062 598 2099 Balbi
622 2064 824 2099 stammtcn

74 2122 143 2146 aus
170 2110 302 2146 Gades.
353 2110 406 2145 Zu
435 2109 550 2146 ihn'en
580 2109 716 2156 gehort
744 2111 824 2146 der-

66 2157 214 2204 jenige,
245 2157 316 2193 den
342 2157 471 2215 Cicero
497 2157 720 2204 verteidigte
746 2158 823 2193 und

67 2205 198 2288 litate?
203 2209 224 2240 2
238 2204 336 2288 Diis?s
330 2203 501 2287 Fafflsiigg
504 2205 611 2288 Πνξὲξ
614 2206 712 2288 ί51]αὲΞέ
713 2205 823 2289 Ιὲῗιξῗ

68 2309 128 2335 sar
157 2299 234 2335 und.
258 2299 450 2345 Augustus
475 2299 560 2335 sehr
584 2299 817 2336 befreundet.

125 2362 180 2393 19.
201 2358 392 2403 plerosque
417 2358 512 2394 statt
530 2359 740 2403 permultos.

117 2409 176 2440 21.
200 2416 353 2451 reynare
372 2405 415 2440 in
434 2406 589 2450 aliquem
604 2406 722 2442 findet
740 2406 821 2443 sich

70 2464 141 2488 nur
162 2452 243 2488 hier
261 2452 338 2488 und
353 2452 455 2487 Lact.
477 2453 567 2497 epit.
590 2457 645 2497 13,
661 2457 705 2489 14
724 2454 821 2490 nach

70 2499 257 2546 Analogie
300 2510 379 2553 vog
413 2499 617 2544 dominari,
659 2501 820 2537 welches

71 2547 213 2583 bereits
246 2546 344 2583 Ovid
381 2546 459 2582 und
489 2545 616 2583 Livius
651 2559 691 2584 so
728 2547 820 2584 kon-

69 2594 263 2633 struieren,
277 2615 322 2620 —
338 2594 591 2630 libertinorum
604 2595 703 2638 filiis.
729 2595 819 2631 Dars

69 2640 192 2688 §ohne
230 2652 304 2678 von
335 2641 642 2686 Freigelassenen
678 2642 820 2678 hohere

69 2688 199 2724 Amter
230 2688 449 2734 bekleiden,
480 2688 597 2724 findet
630 2689 711 2725 sich
742 2691 819 2725 erst

70 2734 142 2770 seit
175 2735 322 2772 Caesar.
372 2736 481 2772 Denn
514 2735 688 2781 obgleich
720 2737 818 2772 nach

69 2781 147 2818 Liv.
169 2786 208 2828 9,
226 2787 273 2818 46
299 2783 414 2819 echon
438 2783 491 2830 im
510 2783 542 2818 J.
563 2786 634 2819 304
660 2783 722 2819 cin
747 2784 817 2819 sol-

71 2827 158 2864 cher
199 2830 425 2866 curulischer
461 2829 549 2865 Adil
588 2841 681 2874 war,
725 2831 818 2876 geht

71 2874 168 2911 doch
201 2888 268 2913 aus
301 2878 464 2913 anderen
496 2877 639 2913 Stellen
670 2878 816 2922 hervor,

893 1722 964 1746 nur
1001 1711 1067 1746 der
1103 1710 1410 1757 aufgenommen,
1447 1709 1513 1744 der
1543 1709 1643 1754 inqe-

892 1769 992 1793 nuus
1015 1759 1111 1803 ipse,
1135 1762 1263 1804 patre,
1294 1767 1362 1794 avo
1383 1760 1540 1803 paterno
1565 1766 1643 1790 war

893 1804 1004 1850 (Plin.
1030 1818 1066 1840 n.
1091 1806 1127 1841 h.
1155 1809 1218 1850 33,
1245 1808 1276 1847 ξ.
1297 1806 1367 1850 32).

944 1867 999 1899 22.
1031 1875 1160 1909 repens
1189 1866 1320 1908 „neu“‚
1350 1863 1420 1899 wie
1448 1867 1487 1908 6,
1515 1866 1534 1896 7
1565 1860 1643 1896 und

896 1910 1010 1956 after,
1046 1923 1117 1946 nur
1153 1910 1215 1946 bei
1251 1909 1415 1946 Tacitus.
1455 1929 1500 1936 -—
1534 1909 1642 1953 facti·

895 1961 1013 1993 tatum
1037 1957 1329 2002 herkommlich,
1353 1956 1492 1992 fiblich.

945 2020 1002 2052 23.
1040 2018 1177 2053 scilicet
1207 2016 1313 2062 giebt
1343 2015 1424 2051 eine
1454 2014 1642 2051 ironische

895 2064 1169 2110 Widerlegung
1188 2064 1253 2099 des
1272 2062 1483 2099 Einwurfes
1501 2062 1573 2098 mit
1591 2065 1643 2098 at.

896 2110 981 2157 Vgl.
1003 2111 1078 2147 Cic.
1098 2111 1194 2148 Phil.
1215 2115 1236 2146 2
1263 2114 1296 2154 ξ.
1316 2114 1360 2146 21
1387 2113 1427 2146 at
1447 2120 1509 2156 eyo
1528 2109 1641 2145 suasi.

898 2158 1045 2195 Scilicet
1074 2159 1109 2195 is
1136 2160 1283 2195 animus
1307 2161 1386 2194 erat
1413 2158 1572 2200 Miloni,
1602 2159 1644 2192 ut

890 2207 1061 2251 prodesse
1103 2206 1194 2252 reip.
1245 2206 1324 2242 sine
1373 2215 1520 2241 suasore
1567 2215 1644 2240 non

888 2257 1022 2299 posset.

943 2304 1000 2343 25.
1042 2301 1190 2344 Tuscis,
1226 2298 1392 2336 namlich
1428 2299 1514 2335 dem
1549 2299 1642 2335 Por-

895 2359 1022 2385 senna.
1062 2369 1106 2375 —
1144 2348 1370 2384 Samnitium
1405 2347 1552 2393 imaum,
1588 2346 1642 2381 im

893 2395 1161 2432 caudinischen
1184 2394 1368 2442 Engpass,
1395 2398 1475 2430 321.

941 2459 998 2492 27.
1018 2456 1192 2491 adversus
1209 2454 1346 2497 Gallos,
1367 2453 1485 2488 durch
1505 2452 1643 2488 Caesar

892 2513 967 2538 von
1018 2506 1062 2537 59
1111 2502 1169 2537 bis
1214 2505 1270 2537 50.
1333 2500 1434 2535 Aber
1482 2499 1641 2534 manche

892 2549 1029 2594 Kriege
1057 2559 1180 2595 gegen
1205 2548 1271 2584 das
1296 2547 1464 2583 Ausland
1488 2546 1641 2582 wurden

893 2595 990 2631 doch
1027 2595 1212 2631 schneller
1247 2594 1438 2640 beendigt.
1475 2614 1521 2619 —
1548 2604 1643 2638 pax,

893 2643 983 2678 aber
1010 2642 1285 2678 unterbrochen
1309 2641 1427 2677 durch
1453 2641 1526 2677 den
1550 2639 1641 2676 Auf-

892 2690 1002 2725 stand
1025 2690 1118 2772 Cdes
1161 2689 1293 2726 Florus
1335 2689 1412 2724 und
1458 2687 1641 2732 Sacrovir,

892 2741 935 2772 21
963 2750 997 2773 n.
1054 2737 1108 2773 hr.

937 2788 995 2821 31.
1036 2784 1180 2820 Latini.
1232 2783 1313 2819 Seit
1349 2787 1417 2819 339
1457 2782 1641 2819 erhielten

890 2831 950 2867 die
994 2832 1154 2868 meisten
1191 2830 1323 2867 Stadte
1360 2830 1530 2866 Latiums
1572 2830 1641 2865 das

889 2879 1074 2916 romische
1103 2878 1371 2925 Biirgerrecht,
1410 2878 1507 2914 doeh
1543 2878 1642 2913 ohne

1667 454 1710 486 15

1665 750 1711 782 20

1665 1045 1711 1078 25

1665 1342 1711 1374 30
