1820 3100
126 717 184 759 22

126 1422 184 1466 23

201 133 291 175 214

201 256 294 285 esse
343 255 525 296 eumque
576 240 721 296 gladio
772 240 1011 283 accinctum
1067 239 1249 283 introire
1297 239 1473 284 curiam.

131 313 174 346 1ο
201 301 390 344 atrocius
414 314 518 344 vero
542 299 813 355 tramissum3
840 302 1093 355 ceterorum,
1119 313 1227 355 quae
1252 299 1391 341 multa
1417 299 1763 356 cumulabantur,

633 131 864 169 CORNELII
889 130 1054 168 TAOITI
1079 129 1337 168 ANNALIUM

1552 240 1665 295 quod
1712 242 1763 283 ut

199 362 396 415 receptus
441 361 507 402 est
550 373 666 413 reus,
709 372 847 414 neque
890 359 1092 414 peractus
1137 358 1192 400 ob
1235 360 1417 401 mortem
1460 360 1761 414 opportunam.

198 420 384 461 relatum
410 421 453 461 et
478 418 529 460 de
554 417 704 461 Cassio
734 416 890 460 Severo
917 417 1054 473 exule,
1084 417 1158 472 qui
1183 417 1379 460 sordidae
1405 417 1601 474 originis,
1631 417 1762 460 male-

198 478 306 521 ficae
336 478 471 533 vitae,
509 476 584 519 sed
623 476 774 519 orandi
810 475 997 531 validus,
1033 489 1111 531 per
1147 476 1400 519 immodicas
1430 476 1682 519 inimicitias
1712 478 1763 519 ut

199 536 355 579 iudicio
387 536 519 579 iurati
553 537 728 577 senatus
761 534 934 578 Cretam
967 537 1237 578 amoveretur
1269 536 1486 593 effecerat3
1516 538 1643 591 atque
1673 535 1762 579 illie

130 609 174 642 15
201 596 348 638 eadem
392 594 612 638 actitando
655 593 845 636 recentia
887 595 1116 649 veteraque
1160 594 1259 637 odia
1302 569 1506 651 advertit,
1550 595 1762 652 bonisque

201 657 365 710 exutus,
394 653 625 695 interdicto
655 651 751 708 igni
784 654 911 708 atque
944 668 1068 708 aqua,
1099 668 1201 696 saxo
1235 653 1414 709 Seripho
1446 628 1683 698 cohsenuit.

316 713 399 755 Per
428 712 542 754 idem
573 714 742 778 tempus
768 711 964 754 Plautius
991 711 1190 755 Silvanus
1215 716 1389 768 praetor
1413 713 1591 756 incertis
1618 714 1759 758 causis

197 772 439 826 Aproniam
471 771 696 826 coniugem
726 770 772 812 in
802 785 1008 826 praeceps
1033 771 1148 823 iecit,
1178 773 1426 828 tractusque
1452 773 1506 815 ad
1532 771 1761 816 Caesarem

199 831 252 873 ab
284 830 331 872 L.
357 829 551 885 Apronio
584 843 731 872 socero
762 830 940 872 turbata
970 832 1112 872 mente
1143 831 1382 886 respondit,
1413 833 1634 887 tamquam
1667 833 1760 888 ipse

134 911 136 913 ·
199 904 349 932 somno
382 889 527 946 gravis
559 891 688 943 atque
721 903 770 930 eo
801 888 991 944 ignarus,
1023 891 1067 931 et
1092 903 1199 931 uxor
1225 892 1380 945 sponte
1405 894 1589 933 mortem
1616 906 1762 947 sump-

151 962 173 994 5
200 949 339 991 sisset.
399 963 489 991 non
519 949 773 990 cunctanter
804 947 1003 989 Tiberius
1034 947 1180 1003 pergit
1210 949 1257 990 in
1287 949 1480 1005 domum,
1510 950 1615 993 visit
1645 950 1760 993 cubi-

198 1008 362 1062 culum,
405 1007 452 1049 in
494 1021 578 1062 quo
621 1006 873 1048 reluctantis
912 1008 954 1048 et
989 1006 1201 1061 impulsae
1237 1007 1423 1064 vestigia
1462 1010 1761 1052 cernebantur.

196 1067 330 1108 refert
367 1066 420 1108 ad
459 1068 671 1121 senatum,
709 1066 905 1121 datisque
941 1065 1155 1108 iudicibus
1187 1065 1429 1122 Urgulania
1460 1066 1626 1111 Silvani
1664 1069 1763 1111 avia

196 1125 432 1182 pugionem
463 1124 612 1180 nepoti
643 1124 773 1167 misit.
824 1124 936 1180 quod
966 1124 1143 1179 perinde
1169 1125 1379 1168 creditum
1405 1127 1529 1182 quasi
1552 1126 1761 1183 principis

197 1185 365 1227 monitu
403 1185 458 1227 ob
495 1183 731 1226 amicitiam
762 1183 988 1238 Augustae
1027 1198 1125 1226 cum
1158 1184 1411 1240 Urgulania.
1471 1200 1569 1228 reus
1599 1186 1764 1229 frustra

198 1303 318 1358 prior
361 1317 469 1345 uxor
511 1302 602 1344 eius
613 1335 624 1355 ,

130 1257 174 1289 10
199 1245 412 1299 temptato
451 1243 563 1285 ferro
602 1257 733 1285 venas
765 1243 966 1297 praebuit
997 1243 1290 1286 exsolvendas.
1351 1259 1451 1287 mox
1480 1244 1763 1301 Numantina,

675 1303 875 1344 accusata
917 1301 1114 1344 iniecisse
1157 1303 1415 1346 carminibus
1459 1306 1503 1346 et
1544 1304 1762 1348 veneficiis

198 1361 471 1404 vaecordiam
502 1361 672 1412 marito,
702 1360 851 1403 insons
882 1360 1106 1403 iudicatur.

316 1419 360 1463 Is
405 1420 576 1462 demum
626 1434 762 1462 annus
810 1420 1019 1475 populum
1062 1420 1305 1464 Romanum
1352 1422 1482 1479 longo
1534 1415 1761 1466 adversum

197 1478 430 1521 Numidam
457 1479 775 1520 Tacfarinatem
807 1478 922 1520 bello
956 1479 1156 1523 absolvit.
1204 1495 1306 1523 nam
1331 1481 1495 1536 priores
1527 1481 1654 1525 duces
1684 1482 1760 1525 ubi

197 1537 468 1592 impetrando
498 1537 827 1592 triumphalium
851 1537 1015 1592 insigni
1042 1537 1236 1581 sufficere
1260 1553 1329 1582 res
1355 1555 1454 1582 suas
1481 1541 1760 1596 crediderant,

196 1595 369 1639 hostem
401 1596 681 1651 omittebant3
718 1596 889 1651 iamque
926 1598 1014 1638 tres
1046 1597 1264 1640 laureatae
1295 1599 1343 1640 in
1373 1600 1479 1641 urbe
1510 1601 1682 1642 statuae
1715 1602 1759 1642 et

249 1727 302 1761 10.
341 1724 504 1760 atrocius
536 1734 637 1766 vero,
673 1735 718 1758 zu
751 1722 940 1769 grarslioh,

201 1771 256 1807 als
282 1771 363 1807 dass
390 1782 428 1806 es
453 1771 559 1806 wahr
583 1771 661 1805 sein
685 1770 837 1806 konnte.

249 1822 304 1854 11.
347 1829 459 1864 neque
496 1821 669 1863 peractus
711 1818 825 1862 „aber
862 1817 943 1853 sein

198 1865 348 1901 Prozess
383 1865 486 1900 ward
520 1865 626 1900 nicht
659 1877 703 1899 zu
739 1864 842 1900 Ende
880 1876 942 1910 ge—

199 1912 337 1948 ffihrt‘a
387 1911 499 1948 Sonst
530 1912 708 1948 bedentet
741 1913 830 1947 aber
858 1923 942 1957 per—

198 1971 304 2005 aqere
333 1971 451 2005 reum,
484 1959 555 1995 seit
581 1958 676 1995 Ovid
708 1959 785 1994 und.
815 1958 942 1995 Livius

197 2006 480 2050 vorkommend,
504 2018 574 2041 nur
599 2005 861 2052 „verklagen“.

248 2058 303 2090 12.
330 2054 413 2090 Von
429 2053 576 2090 Cassius
588 2054 740 2089 Severus
759 2054 843 2098 sagt
855 2053 942 2089 Tac.

199 2100 286 2138 dial.
320 2105 363 2136 19
398 2112 501 2146 quem
537 2101 702 2146 primum
743 2101 943 2144 adfirmant

198 2149 341 2192 flexisse
371 2149 416 2183 ab
441 2149 510 2184 illa
534 2151 647 2183 vetere
672 2151 778 2193 atque
803 2148 942 2184 directa

198 2195 345 2230 dicendi
377 2196 457 2239 via,
494 2195 571 2230 und
605 2195 700 2230 setzt
733 2195 831 2229 dann
869 2195 942 2230 den

197 2241 444 2277 Unterschied
458 2242 522 2276 der
542 2240 774 2276 klassischen
787 2242 862 2276 und
876 2242 941 2277 der

198 2299 319 2324 neuen
344 2287 622 2323 Rednerschule
650 2288 905 2323 auseinander.

249 2339 304 2371 13.
330 2336 476 2371 validus
489 2334 561 2370 mit
575 2334 659 2369 dem
675 2335 833 2370 Genetiv
847 2335 943 2371 auch

200 2386 256 2427 15,
277 2386 321 2418 53
347 2383 476 2418 animi.
512 2382 599 2417 hist.
621 2385 659 2425 2,
682 2386 724 2417 19
750 2382 886 2417 virium
911 2386 945 2418 et

199 2440 319 2475 opum.
374 2429 593 2464 Ausserdem
637 2441 706 2464 nur
747 2429 844 2464 noch
881 2429 943 2464 bei

199 2476 372 2512 Aurelius
387 2475 528 2512 Victor.
548 2496 594 2502 —
614 2476 741 2512 iurati.
755 2496 762 2500 -
777 2476 852 2510 Der
869 2475 942 2511 Eid

199 2523 310 2559 sollte
329 2522 640 2559 wahrscheinlich
666 2522 726 2557 die
745 2522 942 2567 Unpartei-

198 2570 356 2606 lichkeit
380 2570 579 2615 bezeugen.
632 2570 729 2605 Oder
754 2569 872 2605 irati?

250 2622 303 2654 16.
335 2628 427 2653 saxo
453 2618 549 2653 ohne
574 2618 626 2661 in,
654 2630 680 2652 s.
706 2615 801 2652 Einl.
828 2620 858 2659 ξ.
886 2619 942 2652 35.

199 2685 243 2690 —
277 2664 359 2700 Seri
384 2665 453 2700 hus
485 2664 550 2710 lag
585 2664 695 2699 unter
729 2664 801 2699 den
834 2664 943 2699 west-

199 2710 324 2747 lichen
378 2710 550 2757 ykladen.
601 2710 695 2746 Dort
728 2710 831 2746 starb
857 2709 941 2747 Oas-

202 2757 276 2792 sius
300 2758 352 2793 im
377 2760 410 2794 J.
432 2762 477 2794 33
504 2758 594 2794 oder
619 2761 663 2793 37
689 2769 728 2794 n.
749 2757 833 2793 chr.

246 2804 309 2840 22.
355 2810 386 2841 2.
430 2809 647 2850 tractusque.
697 2805 771 2840 Der
814 2805 943 2840 Kaiser

199 2850 356 2895 konnte,
396 2863 503 2887 wenn
535 2863 574 2887 er
605 2851 749 2895 wollte‚
789 2852 942 2887 richter-

199 2897 299 2933 liche
325 2897 560 2935 Funktionen
586 2898 759 2934 aussiben.

1064 1730 1096 1761 3.
1123 1716 1222 1761 Uber
1246 1726 1439 1772 Apronius
1464 1738 1492 1762 s.
1512 1738 1556 1762 zu
1583 1731 1614 1772 1,
1635 1731 1691 1764 56.
1713 1747 1759 1754 —

1015 1773 1126 1809 Nach
1151 1776 1336 1818 tamquam
1359 1773 1400 1809 in
1424 1773 1630 1810 indirekter
1653 1774 1758 1810 Rede

1015 1819 1112 1856 fehlt
1146 1819 1209 1855 bei
1238 1819 1323 1857 Tac.
1356 1821 1536 1856 zuweilen
1571 1821 1637 1857 der
1659 1821 1761 1858 Kon-

1011 1866 1164 1912 junktiv
1177 1877 1251 1903 von
1263 1878 1346 1913 esse,
1359 1867 1440 1904 hier
1451 1869 1591 1913 fuisset.
1612 1869 1647 1905 S.
1662 1868 1763 1907 Einl.

1014 1917 1045 1957 ς.
1065 1919 1122 1960 20,
1143 1915 1177 1950 b.

1066 1972 1096 2003 7.
1130 1968 1325 2005 iudicibus.
1357 1967 1426 2004 Bei
1450 1968 1646 2015 gemeinen
1670 1967 1761 2005 Ver-

1015 2015 1177 2051 brechen
1198 2016 1264 2051 der
1284 2015 1489 2052 Senatoren
1513 2017 1671 2052 ernennt
1695 2016 1761 2052 der

1018 2062 1132 2098 Senat
1158 2061 1240 2097 eine
1266 2062 1534 2108 Kommission,
1566 2063 1627 2099 die
1651 2063 1762 2100 unter

1015 2109 1100 2144 dem
1121 2109 1269 2145 Vorsitz
1297 2110 1360 2146 des
1380 2110 1532 2146 Prators
1557 2110 1618 2145 die
1638 2110 1758 2147 Sache

1013 2156 1241 2193 untersucht.

1062 2213 1095 2244 8.
1134 2211 1242 2255 quasi
1264 2210 1451 2255 principis
1480 2210 1638 2254 monitu,
1675 2209 1757 2246 soil.

1017 2257 1185 2300 misisset,
1210 2257 1291 2292 eine
1316 2256 1544 2293 auffallende
1570 2257 1722 2304 Ellipse.

1067 2314 1119 2345 10.
1147 2310 1383 2346 Numantina
1408 2320 1485 2346 war
1508 2309 1670 2346 Tochter
1694 2310 1759 2346 des

1016 2356 1154 2392 Fabius
1186 2356 1385 2402 Maximus,
1419 2357 1485 2392 der
1515 2357 1569 2392 im
1598 2357 1632 2393 J.
1654 2360 1699 2393 10
1723 2369 1759 2394 v.

1016 2403 1100 2439 Chr.
1127 2404 1270 2440 Konsul
1294 2415 1382 2440 war.

1062 2462 1185 2499 23.1.
1219 2463 1519 2508 lonyo,n'amlich
1539 2462 1612 2497 seit
1630 2461 1758 2498 sieben

1014 2509 1164 2546 Jahren.
1215 2511 1343 2555 lorcyus
1380 2510 1448 2545 hat
1483 2508 1546 2545 bei
1582 2509 1669 2546 Tac.
1703 2509 1760 2546 oft

1015 2556 1222 2601 temporale
1240 2556 1472 2610 Bedwtung,
1501 2555 1560 2591 bei
1578 2556 1649 2591 den
1669 2557 1759 2591 Fru-

1014 2601 1128 2638 heren
1152 2615 1222 2638 nur
1246 2603 1287 2637 in
1316 2603 1498 2649 gewissen
1523 2602 1758 2639 Verbindun-

1015 2660 1087 2695 gen
1112 2649 1198 2695 (mit
1221 2653 1373 2695 tempus,
1398 2650 1523 2695 mora).

1063 2707 1094 2738 3.
1130 2703 1294 2747 sufficere
1327 2703 1398 2738 mit
1430 2703 1515 2738 dem
1547 2702 1659 2739 Dativ
1691 2703 1757 2740 des

1015 2749 1300 2795 Gerundivums,
1326 2762 1354 2785 s.
1373 2761 1418 2784 zu
1443 2753 1476 2794 3,
1497 2753 1552 2785 72.

1062 2806 1095 2839 4.
1137 2806 1208 2839 tres
1234 2823 1277 2828 —
1303 2806 1463 2846 statuae,
1495 2802 1661 2838 namlioh
1691 2802 1757 2839 des

1016 2849 1206 2894 Camillus,
1230 2849 1418 2895 Apronius
1443 2849 1518 2884 und
1542 2849 1684 2887 Blasus.
1711 2869 1749 2876 —

1015 2900 1048 2933 et
1071 2898 1164 2933 statt
1185 2907 1265 2934 cum
1285 2897 1382 2932 nach
1399 2897 1476 2933 iam
1495 2908 1522 2932 s.
1537 2896 1633 2933 Einl.
1653 2899 1684 2941 §-
1699 2899 1756 2933 62.
