1794 3126
566 141 712 177 LIBER
735 140 816 177 XV.
855 140 957 177 CAP.
985 144 1136 176 35—37.
1549 139 1634 182 193

56 256 142 310 est,
173 252 236 295 rei
266 251 574 294 frumentariae
605 249 850 305 angustias,
882 248 920 290 si
952 248 1142 302 abesset,
1174 248 1398 292 metuenti.
1461 251 1635 291 senatus

60 315 106 355 et
135 311 347 368 primores
378 311 425 353 in
454 311 619 353 incerto
652 310 795 363 erant,
831 308 983 362 procul
1021 322 1078 349 an
1110 321 1254 349 coram
1288 307 1474 349 atrocior
1502 307 1635 350 habe-

57 373 195 414 retur:
236 370 410 426 dehinc,
447 383 555 426 quae
591 369 749 410 natura
785 367 956 423 magnis
988 366 1235 422 timoribus,
1272 366 1461 408 deterius
1494 366 1635 409 crede—

58 431 168 473 bant
198 430 312 485 quod
343 429 555 472 evenerat.

1663 437 1707 469 20

178 488 278 544 Ipse
317 502 401 543 quo
438 487 567 529 fidem
605 484 851 540 adquireret
886 484 998 527 nihil
1034 499 1216 540 usquam
1253 484 1432 539 perinde
1471 485 1635 527 laetum
1651 486 1706 528 37

58 548 162 604 sibi,
200 547 384 603 publicis
422 546 528 588 locis
567 547 731 587 struere
771 543 969 586 convivia
1003 545 1183 599 totaque
1214 544 1320 586 urbe
1352 544 1477 599 quasi
1507 544 1636 587 domo

60 608 136 650 uti.
199 609 242 649 et
272 605 575 648 celeberrimae
607 604 711 645 luxu
736 603 939 658 famaque
966 603 1117 658 epulae
1142 602 1273 658 fuere,
1305 618 1413 658 quas
1440 618 1466 646 a
1491 602 1637 659 Tigel-

59 667 149 709 lino
187 667 364 721 paratas
404 667 452 707 ut
490 662 735 718 exemplum
772 662 975 717 referam,
1012 676 1066 704 ne
1105 662 1275 717 saepius
1311 661 1460 704 eadem
1490 662 1636 717 prodi-

55 725 209 782 gentia
244 723 459 766 narranda
490 723 559 765 sit.
620 721 753 778 igitur
783 721 829 763 in
860 723 1016 777 stagno
1048 721 1270 776 Agrippae
1301 721 1539 764 fabricatus
1571 725 1639 765 est

59 786 212 839 ratem,
244 784 312 825 cui
345 782 665 838 superpositum
698 780 944 823 convivium
968 780 1145 822 navium
1172 779 1352 822 aliarum
1377 782 1522 823 tractu
1547 795 1638 824 mo-

59 844 243 886 veretur.
310 857 443 884 naves
490 855 595 883 auro
634 842 678 881 et
715 840 843 882 ebore
882 839 1128 894 distinctae,
1170 839 1440 895 remigesque
1478 840 1640 883 exoleti

59 917 138 957 per
185 903 348 943 aetates
388 903 431 942 et
469 899 693 942 scientiam
730 899 958 940 libidinum
996 898 1379 953 componebantur.
1442 900 1638 942 volucres

61 964 106 1003 et
143 960 257 1002 feras
296 959 478 1002 diversis
517 973 539 1001 e
576 958 704 1000 terris
743 960 787 999 et
822 957 1028 999 animalia
1064 958 1197 1000 maris
1236 956 1408 1000 Oceano
1448 958 1639 1014 abusque

58 1019 286 1075 petiverat.
351 1018 640 1074 crepidinibus
680 1017 826 1073 stagni
862 1017 1090 1072 lupanaria
1121 1017 1354 1059 adstabant
1383 1017 1639 1060 inlustribus

61 1078 235 1120 feminis
266 1077 503 1133 completa:
531 1079 574 1119 et
599 1078 752 1119 contra
777 1078 920 1118 scorta
945 1076 1198 1118 visebantur
1222 1076 1349 1118 nudis
1375 1078 1640 1132 corporibus.

62 1138 150 1180 iam
189 1139 337 1193 gestus
377 1139 604 1192 motusque
642 1135 834 1190 obsceni,
880 1137 924 1176 et
962 1137 1196 1190 postquam
1231 1135 1435 1177 tenebrae
1471 1136 1641 1178 incede-

65 1197 189 1251 bant,
227 1198 435 1252 quantum
473 1195 594 1237 iuxta
631 1194 822 1236 nemoris
861 1196 905 1236 et
942 1195 1215 1237 circumiecta
1252 1196 1368 1237 tecta
1402 1209 1640 1238 consonare

65 1258 198 1298 cantu
242 1257 286 1297 et
328 1255 563 1297 luminibus
601 1254 846 1296 clarescere.
907 1254 998 1309 ipse
1035 1267 1111 1309 per
1146 1253 1268 1295 licita
1306 1255 1434 1310 atque
1472 1254 1641 1297 inlicita

62 1314 264 1357 foedatus
302 1314 412 1356 nihil
455 1313 613 1370 flagitii
655 1312 890 1368 reliquerat
932 1327 1016 1368 quo
1062 1312 1305 1368 corruptior
1348 1315 1513 1369 ageret,
1556 1313 1642 1356 nisi

63 1388 225 1429 paucos
273 1375 374 1428 post
416 1372 505 1415 dies
544 1373 620 1414 uni
657 1386 709 1414 ex
747 1372 824 1415 illo
864 1372 1259 1415 contaminatorum
1297 1386 1427 1428 grege
1465 1374 1643 1428 (nomen

65 1432 347 1488 Pythagorae
379 1430 479 1487 fuit)
511 1432 559 1474 in
589 1431 763 1474 modum
791 1431 1065 1473 sollemnium
1090 1431 1392 1487 coniugiorum
1418 1431 1642 1487 denupsis-

66 1494 147 1534 set.
207 1491 395 1533 inditum
432 1491 682 1546 imperatori
721 1491 984 1545 flammeum,
1021 1490 1106 1533 visi
1140 1490 1354 1546 auspices,
1391 1491 1468 1533 dos
1500 1493 1544 1533 et
1574 1504 1645 1547 ge-

65 1551 196 1593 nialis
233 1553 355 1605 torus
394 1551 437 1592 et
473 1550 590 1593 faces
627 1550 864 1605 nuptiales,
902 1551 1056 1592 cuncta
1094 1549 1275 1605 denique
1308 1551 1502 1604 spectata
1534 1565 1643 1605 quae

65 1610 204 1652 etiam
234 1609 279 1651 in
311 1609 475 1651 femina
505 1624 593 1652 nox
624 1609 774 1665 operit.

64 1738 205 1773 tientes.
252 1741 308 1782 15,
335 1741 381 1773 38
402 1749 496 1783 pars
519 1748 634 1782 mora,
652 1748 747 1783 pars
770 1738 819 1781 fe-

64 1786 222 1821 stimans.

118 1878 183 1916 37.
229 1882 261 1914 3.
308 1878 350 1913 In
394 1879 488 1914 luxu
531 1879 701 1924 famaque
738 1879 822 1914 sind

68 1926 161 1961 zwei
206 1925 382 1961 Ablative
432 1936 506 1961 von
553 1925 822 1971 grammatisch

68 1972 356 2009 verschiedener
400 1972 623 2018 Bedeutung
672 1973 821 2008 koordi—

70 2020 188 2065 niert,
215 2021 309 2056 statt
332 2020 438 2064 fama
458 2023 610 2065 propter
635 2021 774 2056 luxum.

117 2083 151 2115 4.
178 2079 417 2124 prodiye‘ntia
442 2091 470 2114 s.
497 2091 543 2113 zu
571 2083 633 2124 13,
662 2082 700 2124 1,
730 2083 782 2114 16.

120 2141 153 2174 5.
179 2138 256 2173 Das
275 2137 409 2173 Bassin
430 2138 494 2173 des
515 2137 696 2183 Agrippa,
722 2140 826 2174 sonst

71 2185 307 2229 unbekannt,
341 2185 406 2230 lag
431 2185 627 2221 vielleicht
652 2185 719 2220 auf
740 2186 825 2220 dem

70 2232 236 2278 Campus
268 2231 478 2278 Agrippae,
520 2231 643 2268 einem
673 2232 825 2268 kleinen

73 2279 178 2315 Teile
226 2280 291 2315 des
333 2280 552 2316 Mars'feldes
594 2280 715 2315 neben
758 2280 824 2315 der

70 2326 146 2362 Via
171 2326 366 2363 Flaminia.

123 2378 156 2410 6.
189 2377 329 2409 tractus
363 2373 452 2418 „das
478 2373 650 2417 Ziehen“,
682 2373 721 2409 in
747 2373 823 2409 die-

74 2432 134 2457 ser
148 2421 370 2466 Bedeutung
390 2421 476 2455 sehr
499 2421 619 2456 selten
631 2420 708 2456 und
722 2420 823 2456 dich-

73 2468 230 2511 terisch,
269 2468 340 2502 wie
378 2466 482 2513 Virg.
516 2467 649 2513 Georg.
682 2472 721 2512 3,
757 2471 824 2503 183

72 2518 265 2560 tractuque
288 2518 480 2560 gementem
504 2515 600 2558 ferre
623 2519 751 2551 rotam.

122 2577 156 2609 8.
193 2574 356 2610 volucres
394 2574 487 2608 statt
521 2584 604 2610 aves
633 2573 684 2609 ist
715 2574 828 2609 meist

74 2621 257 2668 poetisch,
279 2621 376 2657 doch
396 2620 492 2656 auch
510 2621 584 2657 Cic.
607 2621 654 2656 de
673 2633 724 2657 or.
748 2626 779 2665 1,
794 2626 826 2656 6.

124 2683 158 2715 9.
190 2681 355 2715 diversus
380 2679 596 2724 ,‚entlegen‚
625 2679 729 2714 fern“
756 2679 828 2715 wie

79 2730 118 2771 1,
147 2730 189 2762 17
221 2728 321 2763 trahi
352 2727 472 2762 adhuc
504 2727 666 2762 diversas
694 2727 737 2762 iro
762 2730 829 2762 ter-

77 2784 156 2818 ras,
174 2774 251 2809 und
270 2774 378 2810 oster.
398 2794 441 2799 —
464 2774 624 2819 abusque
641 2785 712 2808 nur
730 2774 829 2809 noch

82 2824 146 2866 13,
171 2825 229 2857 47.
281 2822 411 2856 Zuerst
442 2820 504 2856 bei
538 2821 640 2866 Virg.
672 2821 763 2856 Aen.
797 2825 829 2866 7,

81 2870 150 2903 288
189 2871 223 2903 et
261 2869 394 2904 laetum
430 2868 584 2904 Aenean
623 2889 665 2893 —
704 2867 830 2904 Siculo

72 2916 269 2961 prospexit
311 2916 472 2961 abusque
517 2915 691 2962 Pachyno
697 2930 711 2960 ;
756 2926 831 2952 von

154 2980 226 3007 Tac.
247 2980 362 3008 Annal.
384 2981 427 3008 11.

893 1737 979 1772 dem
1009 1737 1151 1772 Rhetor
1182 1736 1324 1772 Seneca
1359 1736 1399 1771 in
1431 1737 1491 1773 die
1524 1737 1643 1774 Prosa

893 1784 1194 1830 aufgenommen,
1219 1784 1319 1819 dann
1343 1784 1440 1820 auch
1464 1784 1526 1820 bei
1551 1784 1643 1830 Spa-

891 1832 1010 1866 teren.

943 1905 999 1936 10.
1031 1893 1131 1936 Uber
1165 1901 1237 1936 den
1261 1901 1415 1937 Ablativ
1444 1903 1644 1948 crepidini-

895 1949 962 1991 bus
987 1959 1014 1984 s.
1042 1947 1140 1984 Einl.
1166 1952 1197 1991 §-
1218 1952 1273 1985 35.
1318 1948 1405 1995 Vgl.
1425 1949 1496 1995 ΚΡ.
1517 1953 1563 1985 38
1589 1950 1644 1986 la-

897 1996 1034 2031 teribus
1058 1999 1125 2031 aut
1149 1996 1279 2039 fronte.

946 2070 1000 2101 14.
1048 2067 1240 2102 clarescere
1281 2078 1367 2102 vom
1412 2067 1562 2112 Lichte,
1606 2068 1646 2104 in

897 2114 1016 2149 dieser
1047 2113 1269 2160 Bedeutung
1302 2115 1388 2150 sehr
1418 2115 1538 2151 selten
1570 2116 1647 2151 und

897 2163 974 2197 erst
1002 2161 1055 2196 im
1081 2161 1164 2196 silb.
1191 2161 1344 2206 Lateiu,
1376 2162 1438 2198 bei
1463 2163 1550 2198 Tac.
1575 2175 1646 2199 nur

896 2208 994 2244 noch
1023 2208 1111 2245 dial.
1140 2212 1196 2244 36.
1247 2209 1360 2245 Sonst
1384 2210 1496 2246 heisst
1521 2221 1560 2247 es
1584 2211 1646 2247 bei

896 2255 977 2290 ihm
1003 2256 1202 2301 „beriihmt
1226 2257 1410 2293 werden“.

946 2330 1001 2362 16.
1034 2330 1187 2363 contum.
1219 2338 1324 2373 yreye
1347 2329 1445 2364 nach
1470 2329 1559 2366 Hor.
1586 2329 1646 2365 od.

899 2378 937 2419 1,
968 2378 1031 2419 37,
1064 2378 1085 2410 9
1130 2376 1378 2411 contaminato
1422 2387 1503 2412 cum
1545 2387 1648 2422 yreye

898 2422 1064 2466 turpium
1088 2422 1211 2458 morbo
1235 2423 1409 2458 virm-um.
1433 2461 1441 2468 .

948 2484 1003 2515 17.
1043 2481 1238 2524 denubere,
1276 2481 1372 2516 auch
1410 2485 1449 2525 6,
1481 2485 1526 2517 27
1565 2493 1647 2518 vor-

898 2527 1118 2572 kommend,
1143 2528 1195 2563 ist
1218 2529 1341 2563 zuerst
1364 2540 1439 2564 von
1464 2528 1560 2564 Ovid
1585 2540 1648 2575 ge-

899 2574 1069 2610 braucht.
1129 2574 1172 2609 In
1209 2575 1423 2611 demselben
1462 2576 1649 2612 obsconen

901 2620 1015 2656 Sinne
1047 2621 1108 2657 bei
1141 2622 1240 2657 Suet.
1273 2621 1372 2658 Nero
1399 2627 1443 2658 29
1476 2625 1537 2659 cui
1561 2623 1650 2669 (Do-

901 2668 1078 2713 ryphoro)
1111 2670 1238 2712 etiam,
1267 2670 1364 2705 sicut
1394 2671 1469 2715 ipsi
1496 2670 1650 2715 Sporus,

900 2716 956 2751 ita
985 2715 1062 2760 ipse
1092 2717 1281 2761 denupsit,
1318 2727 1419 2752 voees
1448 2728 1586 2763 quoque
1617 2722 1651 2754 et

901 2763 1060 2798 eiulatus
1096 2764 1170 2798 vim
1201 2765 1425 2808 patientium
1461 2765 1649 2811 viryinum

902 2810 1078 2846 imitatus.

951 2872 1007 2904 18.
1043 2871 1219 2915 auspices.
1270 2870 1304 2906 S.
1337 2883 1383 2906 zu
1415 2875 1478 2917 11,
1504 2875 1548 2907 27
1582 2883 1648 2908 au-

902 2917 1042 2961 spicum
1065 2918 1184 2954 verba.

1321 2981 1364 3013 13

1663 732 1684 764 5

1668 1028 1711 1061 10

1670 1323 1712 1355 15

1670 1620 1715 1652 20
