1768 3120
93 448 137 480 10

92 732 149 775 49

120 979 141 1010 5

100 1273 144 1305 10

106 1566 149 1599 15

162 89 217 133 72
597 92 827 129 CORNELII
852 92 1012 130 TAOITI
1035 93 1296 131 ANNALIUM

160 202 205 242 et
230 201 343 256 quod
369 201 556 244 maxime
581 204 820 244 castrorum
846 201 1062 244 sincerum
1087 205 1180 245 erat
1206 202 1372 245 occulte
1397 202 1563 256 recitat,
1587 203 1722 259 utque

161 261 337 302 cunctos
374 260 596 314 infamiae,
640 274 685 302 se
721 261 841 315 ipsos
881 261 1014 303 morti
1056 260 1243 303 eximant
1279 261 1497 304 hortatur:
1537 275 1639 303 nam
1675 260 1722 304 in

161 332 265 373 pace
291 333 443 361 causas
469 321 512 361 et
542 319 697 361 merita
727 320 930 375 spectari3
961 320 1037 362 ubi
1062 320 1225 362 bellum
1251 320 1439 376 ingruat,
1470 320 1722 363 innocentes

162 391 210 419 ac
239 377 392 420 noxios
423 377 544 420 iuxta
575 378 737 421 cadere.
797 378 863 420 illi
894 379 1120 433 temptatis
1153 393 1259 435 quos
1290 379 1468 421 idoneos
1504 378 1724 435 rebantur,

161 439 389 492 postquam
420 437 626 478 maiorem
658 437 876 493 legionum
901 441 1070 492 partem
1100 437 1146 479 in
1178 437 1322 480 officio
1354 438 1514 492 vident,
1545 437 1596 480 de
1628 451 1722 480 sen-

161 495 298 537 tentia
334 495 468 551 legati
507 497 704 538 statuunt
740 499 930 551 tempus,
972 511 1056 551 quo
1096 495 1394 538 foedissimum
1432 510 1644 552 quemque
1679 497 1724 539 et

163 553 364 596 seditioni
394 556 645 610 promptum
676 554 789 597 ferro
821 555 1038 598 invadant.
1099 558 1203 597 tunc
1237 555 1362 610 signo
1393 555 1590 598 interne
1621 554 1722 598 dato

162 612 417 668 inrumpunt
449 614 750 667 contubernia,
787 614 1004 656 trucidant
1034 614 1229 670 ignaros,
1271 614 1392 656 nullo
1423 614 1510 656 nisi
1541 613 1724 657 consciis

163 674 368 714 noscente
401 671 514 727 quod
546 672 687 715 caedis
718 672 913 728 initium,
945 673 1039 728 quis
1070 673 1181 715 finis.

281 730 465 773 Diversa
496 731 703 782 omnium,
742 746 851 787 quae
883 746 1087 787 umquam
1120 732 1330 786 accidere,
1368 731 1559 774 civilium
1591 745 1728 774 armo—

163 804 259 831 rum
291 789 435 832 facies.
494 804 581 832 non
611 790 795 845 proelio,
831 805 919 833 non
951 791 1143 833 adversis
1175 806 1197 833 e
1229 791 1401 845 castris,
1433 790 1506 833 sed
1537 790 1673 833 isdem
1704 804 1727 834 e

166 847 391 902 cubilibus,
417 863 525 903 quos
552 848 681 891 simul
700 850 913 892 vescentis
933 850 1037 904 dies,
1063 850 1192 892 simul
1212 850 1381 905 quietos
1400 863 1485 892 nox
1505 849 1730 904 habuerat,

167 907 392 949 discedunt
434 907 478 949 in
519 909 685 962 partes,
725 908 931 964 ingerunt
971 909 1070 951 tela.
1132 909 1295 951 clamor
1335 909 1513 951 vulnera
1554 908 1732 967 sanguis

167 965 325 1020 palam,
351 979 480 1007 causa
505 966 550 1007 in
577 966 763 1021 occult03
797 970 938 1009 cetera
962 967 1052 1010 fors
1077 967 1202 1023 regit.
1252 970 1295 1009 et
1320 967 1494 1022 quidam
1519 968 1734 1010 bonorum

168 1024 300 1079 caesi,
331 1027 562 1080 postquam
595 1025 816 1068 intellecto
847 1026 893 1067 in
926 1040 1034 1081 quos
1067 1027 1325 1082 saeviretur,
1355 1026 1534 1081 pessimi
1565 1039 1733 1083 quoque

169 1097 290 1125 arma
315 1086 562 1138 rapuerant.
617 1098 754 1139 neque
786 1084 956 1140 legatus
983 1087 1058 1127 aut
1081 1085 1281 1127 tribunus
1306 1084 1555 1127 moderator
1580 1084 1737 1140 adfuit3

168 1142 380 1197 permissa
410 1142 541 1198 vulgo
572 1142 748 1185 licentia
781 1145 909 1198 atque
941 1143 1051 1186 ultio
1079 1146 1123 1185 et
1148 1144 1339 1186 satietas.
1390 1159 1490 1186 mox
1513 1144 1735 1199 ingressus

169 1203 311 1243 castra
337 1200 631 1256 Germanicus,
661 1216 747 1244 non
775 1202 1033 1245 medicinam
1058 1202 1166 1244 illud
1191 1202 1399 1258 plurimis
1426 1217 1521 1245 cum
1546 1202 1738 1245 lacrimis

171 1259 245 1302 sed
277 1260 441 1302 cladem
473 1261 714 1315 appellans,
747 1261 926 1303 cremari
957 1276 1140 1317 corpora
1169 1261 1302 1305 iubet.

289 1318 447 1361 Truces
473 1319 604 1362 etiam
629 1322 721 1362 tum
747 1320 915 1362 animos
941 1320 1096 1376 cupido
1122 1321 1290 1363 involat
1321 1319 1450 1362 eundi
1481 1320 1528 1362 in
1558 1320 1742 1376 hostem,

171 1377 391 1432 piaculum
415 1377 593 1433 furoris,
617 1393 696 1421 nec
721 1379 848 1421 aliter
874 1393 1001 1434 posse
1026 1379 1189 1435 placari
1217 1379 1559 1422 commilitonum
1578 1393 1740 1434 manes,

173 1451 302 1491 quam
335 1437 372 1478 si
402 1437 651 1492 pectoribus
682 1437 830 1493 impiis
861 1438 1043 1481 honesta
1068 1438 1247 1481 vulnera
1274 1438 1551 1492 accepissent.
1600 1437 1739 1493 sequi-

172 1499 245 1537 tur
277 1495 475 1538 ardorem
506 1496 693 1538 militum
726 1495 884 1539 Caesar
914 1497 1148 1552 iunctoque
1180 1500 1312 1552 ponte
1343 1496 1549 1539 tramittit
1583 1496 1739 1539 duode-

177 1554 260 1595 cim
298 1554 418 1596 milia
456 1569 479 1597 e
515 1555 779 1611 legionibus,
820 1570 895 1598 sex
936 1558 980 1598 et
1015 1556 1171 1612 viginti
1210 1556 1349 1599 socias
1391 1555 1600 1611 cohortis,
1641 1559 1739 1599 octo

177 1613 370 1668 equitum
409 1614 518 1669 alas,
557 1628 736 1669 quarum
777 1629 827 1657 ea
865 1615 1075 1657 seditione
1112 1615 1372 1657 intemerata
1401 1614 1614 1657 modestia
1643 1613 1740 1658 fuit.

225 1734 256 1766 7.
283 1730 437 1765 emimere
461 1730 532 1766 mit
557 1730 642 1765 dem
667 1730 779 1766 Dativ
798 1731 859 1775 (st.
880 1741 924 1766 ex
997 1730 1130 1766 selben
1171 1734 1232 1775 12,
1263 1734 1305 1765 13
1338 1742 1407 1776 per
1449 1731 1590 1767 occulta
1632 1729 1742 1775 folgt‚

180 1777 268 1813 oder
292 1777 350 1822 de)
375 1778 498 1812 zuerst
515 1777 578 1813 bei
590 1775 724 1823 Virgil,
751 1778 851 1813 daun
871 1778 923 1812 im
995 1778 1084 1824 lgist.
1111 1781 1152 1823 2,
1177 1782 1221 1814 57
1260 1779 1356 1813 inter
1397 1781 1531 1813 secreta
1573 1778 1741 1814 convivii.

176 1823 364 1860 silbernen
389 1824 533 1861 Latein.
994 1824 1157 1860 Ahnlich
1184 1836 1268 1861 ann.
1289 1829 1322 1868 6,
1345 1829 1364 1860 ’1
1385 1825 1584 1870 propalam
1608 1844 1654 1851 —
1676 1835 1744 1871 per

224 1875 256 1908 9.
300 1872 408 1906 iuxta
450 1871 532 1907 hier
574 1872 669 1907 statt
705 1873 923 1917 promiscue.
995 1873 1183 1908 oecultum.
1237 1876 1298 1917 12,
1323 1875 1369 1907 46
1396 1872 1594 1917 propalam
1619 1892 1664 1897 —
1688 1881 1742 1908 se-

175 1918 264 1954 Dies
300 1917 468 1962 Adverb,
503 1929 578 1954 von
611 1919 763 1954 Tacitus
797 1919 924 1964 haufig
996 1920 1101 1955 cretis
1124 1919 1279 1954 nunti-is.

175 1965 215 2001 in
245 1965 534 2011 fibertragenem
559 1965 672 2001 Sinne
705 1965 924 2012 gebraucht,
1043 1971 1075 2002 6.
1108 1967 1285 2002 intellecto
1315 1965 1432 2001 findet
1463 1965 1542 2001 sich
1566 1976 1638 2001 nur
1660 1964 1744 2002 hier

174 2012 298 2048 haben
347 2011 408 2047 die
450 2013 639 2048 Fn'iheren
686 2013 806 2049 selten
849 2013 925 2048 und
996 2013 1073 2049 und
1096 2012 1231 2049 Justin.
1252 2016 1309 2057 38,
1328 2017 1361 2056 3,
1383 2016 1414 2048 6.

176 2070 274 2095 zwar
298 2059 534 2105 gewohnlich
559 2060 631 2095 mit
654 2071 698 2096 ac
726 2061 777 2105 si,
807 2064 925 2106 atque,
1046 2064 1078 2097 9.
1110 2061 1223 2103 illud,
1250 2060 1316 2096 das
1341 2059 1524 2095 Neutrum
1549 2059 1619 2095 wie
1644 2062 1678 2104 4,
1699 2062 1744 2095 19

175 2117 296 2152 quam,
321 2117 411 2142 cum.
996 2108 1104 2153 quasi
1127 2108 1222 2143 illud
1245 2108 1450 2152 respublica
1480 2110 1577 2142 esset.
1620 2110 1664 2151 2,
1683 2109 1743 2142 38.

227 2157 283 2189 10.
319 2157 510 2199 postquam
544 2154 615 2190 mit
647 2154 732 2190 dem
766 2153 926 2189 Prasens
1001 2159 1055 2200 16,
1075 2158 1130 2190 22.
1163 2155 1251 2199 Agr.
1272 2158 1318 2189 43
1343 2155 1416 2189 sive
1439 2164 1531 2189 eura
1554 2153 1649 2189 illud
1671 2154 1748 2190 sive

180 2211 252 2236 von
276 2201 395 2236 videre
420 2201 517 2236 auch
544 2204 598 2245 14,
619 2204 674 2236 60.
706 2200 794 2237 hist.
815 2204 849 2245 4,
870 2206 924 2237 57.
998 2202 1189 2247 inquisitio
1214 2205 1301 2237 erat.
1339 2199 1407 2235 Bei
1425 2199 1677 2236 Definitionen
1694 2200 1747 2236 ist

178 2247 327 2282 Ebenso
352 2247 414 2282 bei
438 2247 644 2292 Frsiheren,
671 2248 744 2283 wie
770 2248 926 2284 Plautus
1000 2249 1067 2283 das
1086 2248 1269 2284 Neutrum
1291 2258 1402 2293 sogar
1419 2247 1648 2293 notwendig,
1671 2247 1744 2302 wie

186 2294 263 2330 und
287 2293 439 2337 Terenz,
466 2294 608 2330 Sallust
632 2295 709 2330 und
734 2294 872 2331 Livius.
1003 2294 1078 2331 Cic.
1103 2294 1198 2330 Phil.
1227 2299 1265 2339 1,
1294 2298 1354 2339 10,
1381 2299 1425 2330 26
1459 2295 1555 2340 quod
1588 2294 1644 2330 ita
1677 2297 1746 2331 ertt

231 2345 286 2377 13.
312 2342 521 2386 inrumpere
546 2341 616 2376 mit
634 2341 791 2378 blossem
810 2342 929 2377 Accu·
1001 2345 1149 2388 yestum,
1174 2342 1215 2377 id
1241 2342 1298 2377 lex
1322 2342 1401 2377 erit.
1440 2341 1537 2378 Einl.
1557 2345 1588 2384 §—
1612 2345 1667 2378 18.

181 2388 279 2424 sativ
304 2389 418 2424 sehon
450 2388 511 2423 bei
537 2388 651 2424 Casar
675 2389 750 2424 und
777 2388 928 2424 Sallust.
1058 2393 1113 2424 11.
1158 2387 1341 2434 Obgleich
1384 2389 1548 2424 involare
1589 2389 1747 2435 aliquem

181 2434 377 2481 Vg1.Einl.
392 2440 422 2478 ξ.
438 2438 494 2479 25,
509 2439 540 2471 3.
580 2436 707 2471 Selten
733 2435 931 2472 verbindet
1003 2436 1118 2472 sehon
1142 2435 1204 2470 bei
1228 2435 1384 2471 Plautus
1417 2435 1534 2478 steht,
1569 2434 1621 2470 ist
1650 2435 1748 2471 doch

185 2494 224 2519 es
249 2481 401 2518 Tacitus
426 2482 498 2517 mit
521 2484 563 2518 in
588 2483 678 2519 oder
703 2484 761 2518 ad.
1001 2483 1061 2519 die
1086 2482 1226 2518 Phrase
1258 2483 1391 2538 cupido
1421 2493 1475 2518 me
1504 2483 1645 2518 involat
1673 2493 1747 2519 neu

230 2528 294 2565 49.
330 2533 363 2565 2.
397 2529 510 2578 fac-‘eges
541 2530 748 2575 gebraucht
777 2529 929 2566 Tacitus
1000 2530 1169 2577 gebildet
1185 2529 1261 2564 und
1280 2541 1346 2566 απ.
1367 2528 1434 2574 εἰρ.

184 2575 249 2622 oft,
271 2587 335 2611 um
358 2576 424 2611 das
446 2575 600 2612 Aussere
625 2577 726 2612 einer
745 2576 864 2612 Sache
889 2589 933 2612 zu
1054 2580 1108 2612 12.
1135 2567 1235 2612 Uber
1249 2575 1310 2612 die
1323 2574 1548 2622 Apposition
1559 2575 1748 2622 piaculum

183 2623 421 2668 bezeichnen,
441 2623 512 2659 wie
530 2625 644 2668 facies
663 2625 758 2670 belli,
771 2635 932 2670 puyuae,
1005 2636 1032 2661 s.
1053 2622 1148 2658 Einl.
1169 2627 1199 2666 ἓ.
1218 2627 1275 2658 47.

183 2671 367 2715 victoriae,
388 2671 564 2715 laborum,
583 2672 753 2708 locorum.
798 2671 845 2707 So
865 2683 934 2706 nur
1054 2674 1108 2706 16.
1132 2671 1378 2715 intemeratus,
1396 2669 1467 2705 wie
1481 2679 1536 2716 cp.
1551 2673 1609 2714 42,
1627 2669 1752 2706 zuerst

185 2717 307 2762 Virgil
340 2718 416 2752 und
451 2718 511 2754 die
541 2718 739 2754 Prosaiker
773 2718 837 2754 des
869 2718 933 2753 sil·
1003 2718 1066 2754 bei
1090 2717 1192 2762 Virg.
1220 2718 1311 2753 Aen.
1340 2721 1378 2761 3,
1412 2720 1479 2752 178
1523 2720 1555 2752 et
1596 2726 1750 2753 munera

185 2764 325 2799 bernen
351 2764 559 2801 Zeitalters.
1007 2766 1079 2801 libo
1098 2766 1313 2800 intemerata
1331 2764 1433 2807 focis.
1473 2762 1586 2799 Sonat
1602 2773 1671 2799 nur
1686 2762 1751 2800 bei

235 2815 266 2845 5.
319 2810 413 2846 Dem
461 2811 612 2847 Adverb
655 2813 785 2857 palam
832 2812 934 2848 steht
1009 2812 1207 2858 Spaterem
1241 2811 1301 2846 bei
1326 2810 1475 2846 Tacitus
1508 2811 1585 2846 erst
1614 2810 1655 2846 in
1677 2810 1768 2847 den·

187 2858 400 2903 gegem'iber
446 2860 488 2894 in
524 2860 678 2903 occulto,
720 2859 790 2895 wie
833 2858 933 2895 dem·
1009 2858 1198 2904 grosseren
1223 2857 1399 2893 Werken.
