1812 3112
121 403 179 446 35

123 1407 180 1450 36

192 118 250 161 52
622 118 855 154 CORNELII
881 118 1047 155 TACITI
1071 119 1141 154 ΑΝ
1143 118 1337 156 NALIUM

192 227 450 269 intemerata
492 227 725 282 coniugum
770 229 814 269 et
857 227 1090 270 liberorum
1136 241 1318 282 corpora
1353 227 1601 271 retinerent.
1654 228 1761 272 haec

194 288 323 341 atque
353 285 460 328 talia
491 285 650 328 dicenti
681 285 927 341 adstrepere
952 287 1121 342 vulgus,
1152 286 1307 341 gentili
1339 286 1517 342 quisque
1549 287 1760 343 religione

194 344 427 400 obstringi,
457 359 546 387 non
576 345 693 400 telis,
723 359 813 387 non
842 345 1092 387 vulneribus
1124 359 1334 388 cessuros.

312 402 609 458 Obstupefecit
635 418 686 445 ea
711 403 913 446 alacritas
940 403 1091 446 ducem
1115 403 1379 459 Romanum3
1413 404 1541 447 simul
1567 404 1762 450 obiectus

191 462 352 517 amnis,
389 462 583 505 additum
613 462 795 517 vallum,
831 462 1089 505 inminentia
1126 463 1248 519 iuga,
1290 463 1402 505 nihil
1438 463 1524 506 nisi
1563 465 1688 506 atrox
1719 466 1763 507 et

190 521 586 577 propugnatoribus
610 521 813 576 frequens
838 521 1041 563 terrebat.
1086 521 1160 564 sed
1188 522 1313 564 miles
1337 522 1550 577 proelium
1574 536 1763 577 poscere,

191 583 346 622 cuncta
376 580 536 622 virtute
575 579 882 635 expugnabilia
920 579 1160 635 clamitare3
1199 581 1490 635 praefectique
1525 584 1564 623 et
1597 580 1763 624 tribuni

145 650 166 681 5
191 639 314 694 paria
345 639 604 681 disserentes
637 639 835 680 ardorem
867 638 1078 681 exercitus
1109 639 1402 682 intendebant.
1434 642 1527 682 tum
1554 639 1763 695 Ostorius,

194 698 516 752 circumspectis
543 711 651 752 quae
677 697 1011 752 inpenetrabilia
1031 712 1224 753 quaeque
1249 698 1410 754 pervia,
1435 699 1553 741 ducit
1570 699 1763 742 infensos

194 771 449 811 amnemque
488 756 606 798 haud
642 756 871 798 difficulter
909 756 1065 799 evadit.
1126 757 1201 798 ubi
1239 759 1418 799 ventum
1454 757 1509 800 ad
1536 765 1764 814 aggerem,

193 815 295 857 dum
326 815 563 857 missilibus
595 815 858 871 certabatur,
890 814 989 869 plus
1019 815 1246 857 vulnerum
1277 815 1324 857 in
1349 830 1430 858 nos
1463 818 1507 858 et
1536 817 1763 872 pleraeque

193 874 341 916 caedes
374 874 641 929 oriebantur3
671 876 903 929 postquam
934 873 1052 916 facta
1082 874 1299 916 testudine
1327 874 1453 917 rudes
1485 877 1528 917 et
1558 875 1763 919 informes

122 945 165 977 10
192 947 394 975 saxorum
425 946 639 989 conpages
672 933 903 976 distractae
934 947 1098 988 parque
1132 933 1372 976 comminus
1404 934 1528 987 acies,
1560 933 1761 976 decedere

189 992 363 1035 barbari
393 992 441 1034 in
471 993 575 1047 iuga
605 992 830 1034 montium.
880 991 955 1034 sed
986 1006 1036 1035 eo
1070 1006 1239 1048 quoque
1270 992 1471 1048 inrupere
1502 992 1758 1036 ferentarius

190 1052 421 1107 gravisque
439 1051 578 1106 miles,
603 1051 668 1093 illi
689 1051 788 1093 telis
809 1049 1089 1106 adsultantes,
1113 1051 1160 1093 hi
1182 1051 1376 1094 conferto
1397 1051 1546 1108 gradu,
1569 1052 1757 1099 turbatis

190 1112 341 1152 contra
371 1109 679 1153 Britannorum
713 1110 952 1165 ordinibus,
984 1110 1096 1165 apud
1127 1124 1235 1165 quos
1266 1111 1386 1153 nulla
1416 1111 1648 1153 loricarum
1679 1124 1758 1166 ga-

189 1169 407 1212 learumve
433 1169 644 1224 tegmina,
671 1171 714 1210 et
739 1169 777 1211 si
803 1169 1082 1212 auxiliaribus
1102 1170 1364 1224 resisterent,
1391 1169 1548 1225 gladiis
1575 1184 1624 1212 ac
1649 1169 1753 1224 pilis

120 1238 164 1271 15
188 1228 543 1284 legionariorum,
581 1229 618 1270 si
648 1228 733 1270 huc
763 1230 994 1284 verterent,
1032 1228 1197 1283 spathis
1229 1231 1272 1271 et
1308 1229 1447 1271 hastis
1478 1228 1756 1272 auxiliarium

193 1288 505 1330 sternebantur.
566 1287 682 1329 clara
725 1302 776 1329 ea
812 1287 994 1330 victoria
1035 1287 1137 1342 fuit,
1179 1289 1388 1344 captaque
1427 1302 1536 1330 uxor
1579 1289 1622 1330 et
1664 1287 1755 1330 filia

194 1344 393 1388 Carataci
423 1346 664 1402 fratresque
695 1346 740 1387 in
772 1346 1035 1389 deditionem
1066 1347 1241 1401 accepti.

311 1404 422 1460 Ipse,
451 1408 500 1447 ut
530 1405 664 1448 ferme
694 1405 839 1447 intuta
870 1407 972 1447 sunt
1002 1405 1200 1461 adversa,
1231 1420 1328 1448 cum
1359 1405 1487 1448 fidem
1519 1403 1760 1448 Cartiman-

195 1464 302 1505 duae
327 1465 503 1520 reginae
528 1463 788 1520 Brigantum
818 1464 1056 1519 petivisset,
1087 1465 1258 1507 vinctus
1285 1479 1334 1508 ae
1359 1465 1597 1508 victoribus
1628 1463 1761 1506 tradi-

193 1525 266 1564 tus
298 1525 380 1574 est,
416 1537 531 1565 nono
568 1525 670 1578 post
701 1538 813 1565 anno
853 1538 982 1578 quam
1012 1524 1176 1566 bellum
1213 1524 1261 1565 in
1290 1523 1518 1566 Britannia
1549 1525 1762 1578 coeptum.

194 1581 307 1623 unde
345 1581 461 1623 fama
492 1582 582 1623 eius
614 1584 761 1624 evecta
797 1582 960 1624 insulas
993 1584 1035 1623 et
1072 1582 1291 1637 proximas
1328 1582 1572 1637 provincias
1612 1595 1760 1636 perva-

148 1652 169 1684 5
196 1642 299 1696 gata
330 1654 405 1695 per
436 1640 609 1682 Italiam
641 1654 809 1696 quoque
841 1641 1140 1683 celebrabatur
1174 1641 1443 1696 avebantque
1477 1641 1633 1696 visere,
1664 1640 1761 1696 quis

193 1792 258 1826 ten
289 1792 342 1827 sie
373 1792 445 1827 den
477 1791 613 1827 Caesar
643 1790 764 1834 nicht,
798 1791 863 1827 der
894 1795 939 1827 55

194 1838 271 1873 und.
290 1842 336 1873 54
354 1851 389 1874 v.
405 1838 488 1874 Chr.
510 1838 562 1874 sie
583 1838 829 1883 angegriffen3
851 1839 940 1874 aber

195 1885 296 1920 scine
316 1884 590 1931 Expeditionen
613 1896 739 1921 waren
764 1885 861 1921 doch
885 1896 940 1921 re-

194 1933 367 1968 sultatlos
392 1932 601 1978 geblieben.

244 1983 275 2015 ’1.
295 1981 544 2023 intemeratus,
564 1980 662 2015 auch
682 1983 714 2024 1,
728 1983 784 2015 42.
806 1983 861 2015 49.
885 1984 940 2025 16,

194 2031 251 2062 26.
280 2027 367 2063 hist.
386 2031 420 2071 4,
441 2031 496 2063 58.
530 2026 642 2062 Sonst
660 2038 730 2061 nur
748 2027 810 2062 bei
828 2026 940 2062 Dich-

194 2075 290 2118 tem,
305 2074 377 2110 seit
385 2074 520 2120 Virgil,
532 2074 609 2109 und
621 2073 662 2109 in
675 2075 800 2119 spater
812 2073 941 2110 Prosa.

243 2124 275 2156 8.
303 2121 506 2166 adstrepere
530 2121 582 2156 ist
600 2121 778 2157 silbernes
797 2121 940 2166 Latein,

195 2168 292 2203 auch
320 2172 350 2211 1,
378 2171 432 2204 18.
461 2171 494 2212 2,
522 2172 564 2203 12
590 2168 667 2203 und
693 2167 797 2205 efter.

242 2260 308 2298 35.
334 2265 367 2296 2.
393 2262 488 2297 nihil
511 2263 588 2298 nisi
612 2267 720 2299 atrox
745 2263 809 2300 ott.
842 2262 942 2297 steht

194 2310 254 2343 fiir
278 2309 387 2344 einen
413 2308 732 2345 Substantivsatz:
764 2310 860 2354 quod
883 2310 941 2344 ni-

199 2356 253 2391 hil
275 2356 352 2391 ‘nisi
377 2359 484 2392 atrox
510 2377 554 2383 —
580 2360 668 2392 erat.
701 2356 786 2401 Vgl.
808 2368 851 2391 zu
871 2360 904 2401 3,
925 2359 946 2391 9

197 2403 294 2438 nihil
318 2403 505 2439 oecultum.

245 2453 279 2485 4.
311 2451 569 2495 expuynabilis
606 2451 723 2486 findet
760 2450 839 2485 sich
871 2451 948 2485 erst

198 2495 270 2532 seit
306 2496 452 2541 Livius;
497 2498 632 2533 ebenso
670 2498 735 2534 das
771 2497 946 2543 folgende

199 2545 486 2588 inpenetrabilis.

247 2595 278 2626 7.
317 2602 456 2626 amnem
499 2593 647 2628 evadere
695 2592 793 2627 nach
837 2590 944 2627 Ovid.

197 2638 286 2674 met.
313 2642 345 2681 3,
375 2642 416 2673 19
443 2639 585 2684 iamque
611 2640 709 2674 vada
735 2638 879 2685 Cephisi
901 2658 946 2664 -

197 2688 371 2720 evaserat.
397 2706 441 2710 —
466 2686 532 2721 ubi
552 2707 593 2711 -
615 2687 713 2721 dwm.
748 2679 849 2720 Uber
869 2684 945 2720 die-

197 2741 262 2765 sen
295 2732 462 2768 seltenen
491 2732 750 2768 Periodenbau
787 2744 814 2767 s.
847 2731 945 2768 Einl.

195 2780 227 2818 ἓ.
250 2781 328 2813 118.
356 2778 403 2814 So
423 2779 520 2824 folgt
539 2778 602 2815 bei
617 2779 689 2815 Cic.
711 2779 757 2815 de
780 2778 839 2814 off.
863 2782 896 2823 2,
914 2783 945 2822 1,

196 2826 219 2856 4
250 2824 317 2858 auf
344 2836 424 2860 cum
456 2826 516 2861 ein
546 2826 696 2863 zweiter
733 2826 945 2862 Nebensatz

196 2869 268 2905 mit
286 2875 413 2915 postea
437 2884 556 2917 quam.

1062 1795 1117 1826 11.
1157 1790 1227 1826 Die
1270 1791 1464 1834 ferentarii
1502 1791 1585 1827 sind
1621 1790 1761 1827 leichte

1012 1838 1206 1884 Truppen3
1256 1838 1323 1874 das
1365 1838 1476 1874 Wort
1522 1838 1640 1874 findet
1682 1837 1761 1875 sich

1012 1886 1103 1921 aber
1134 1885 1258 1921 weder
1288 1885 1349 1921 bei
1382 1884 1536 1930 Caesar,
1572 1885 1670 1921 noch
1699 1884 1762 1921 bei

1013 1931 1156 1976 Livius,
1182 1932 1353 1978 dagegen
1379 1931 1467 1969 Sall.
1494 1932 1574 1969 Cat.
1601 1935 1657 1969 60.

1063 1983 1117 2015 12.
1150 1979 1310 2023 conferto
1340 1980 1463 2025 yradu
1492 1979 1542 2015 ist
1572 1978 1655 2015 eine
1687 1989 1762 2020 neu

1013 2026 1205 2072 gebildete
1229 2027 1387 2070 Phrase3
1420 2028 1524 2063 sonst
1553 2026 1648 2062 wird
1678 2036 1761 2063 con-

1012 2075 1129 2117 fertus
1158 2085 1228 2108 nur
1260 2074 1477 2109 verbunden
1509 2073 1581 2109 mit
1610 2075 1762 2119 person-

1012 2120 1139 2157 lichen
1158 2120 1364 2166 Subjekten
1385 2121 1475 2156 oder
1500 2121 1571 2155 mit
1588 2119 1761 2156 Collecti-

1013 2167 1086 2213 vis,
1112 2167 1182 2203 wie
1208 2168 1319 2211 acieS,
1345 2178 1489 2213 aymen,
1515 2178 1629 2204 arma.

1063 2217 1118 2250 15.
1156 2214 1226 2250 Die

1015 2261 1312 2297 Schriftstellern
1325 2261 1420 2297 &fter
1430 2260 1761 2307 erwahnt,kommt

1014 2309 1096 2344 hier
1119 2309 1243 2344 zuerst
1266 2319 1344 2345 vor.

1067 2402 1131 2439 86.
1157 2406 1192 2438 3.
1216 2413 1313 2438 nono
1338 2406 1423 2447 post
1449 2412 1558 2438 armo.
1608 2400 1666 2436 Da
1696 2400 1762 2436 der

1019 2449 1136 2496 Krieg
1158 2450 1211 2484 im
1237 2450 1270 2485 J.
1290 2453 1336 2485 43
1362 2450 1520 2494 begann,
1545 2459 1585 2484 so
1605 2447 1657 2483 ist
1680 2447 1762 2483 hier

1019 2497 1086 2531 das
1113 2496 1206 2532 Jahr
1231 2499 1274 2531 51
1308 2509 1344 2531 n.
1371 2496 1454 2531 Chr.
1486 2494 1660 2541 gemeint.
1704 2494 1761 2529 Im

1018 2543 1219 2589 folgenden
1262 2543 1442 2579 schildert
1481 2542 1648 2585 Tacitus,
1694 2541 1761 2577 der

1018 2590 1222 2635 eigentlich
1240 2591 1292 2625 im
1313 2591 1345 2626 J.
1360 2593 1405 2625 50
1424 2589 1535 2633 steht,
1554 2588 1615 2624 die
1633 2588 1762 2634 Ereig-

1018 2637 1117 2673 nisse
1147 2637 1187 2672 in
1217 2637 1434 2673 Britannien
1463 2636 1559 2671 nooh
1590 2635 1648 2670 bis
1677 2646 1760 2671 zum

1018 2685 1051 2720 J.
1074 2687 1119 2719 58
1135 2685 1219 2730 (ΚΡ.
1239 2685 1300 2729 40)
1318 2683 1394 2719 und
1411 2683 1523 2718 kehrt
1541 2682 1611 2718 mit
1628 2682 1699 2728 ΚΡ.
1713 2685 1758 2717 41

1018 2743 1102 2766 zum
1127 2732 1240 2767 Jahre
1264 2735 1308 2766 51
1334 2729 1481 2766 zuriick.

1066 2782 1098 2813 5.
1153 2779 1213 2814 uis
1241 2778 1303 2814 ille
1333 2778 1425 2812 statt
1459 2777 1542 2822 quis
1577 2777 1639 2812 ille
1675 2779 1762 2812 esset

1017 2826 1092 2870 qui.
1170 2825 1247 2861 iese
1276 2823 1523 2869 Brachylogie
1555 2823 1623 2859 hat
1653 2822 1760 2859 Taci-

1017 2874 1076 2907 tus
1106 2872 1188 2907 hier
1217 2872 1355 2916 zuerst,
1386 2869 1487 2906 daun
1513 2874 1570 2915 14,
1595 2873 1640 2906 22
1665 2871 1762 2908 hunc

1267 2215 1415 2259 spatha,
1464 2225 1539 2250 von
1585 2214 1760 2260 spat-,eren
1810 2216 1812 2222 ’
