1820 3100
154 462 196 494 15

152 758 197 790 20

150 1043 207 1084 29

156 1587 199 1618 10

157 1881 200 1914 15

213 1161 520 1215 >aemulataque
565 1163 631 1201 est
674 1161 860 1202 coniunx
900 1158 1079 1202 Paxaea.

220 104 308 148 280
660 105 888 142 CORNELII
913 105 1074 142 TACITI
1098 105 1358 143 ANNALIUM

224 213 356 269 tibus,
388 214 485 256 dein
509 213 770 270 Ptolemaeo,
797 215 870 270 qui
901 229 952 257 ex
976 214 1285 258 Macedonibus
1316 216 1469 258 tertius
1501 216 1720 272 regnavit,
1732 217 1809 277 in

225 273 446 316 civitatem
478 273 546 316 cui
576 273 818 329 Heliopolis
850 288 1004 317 nomen
1039 274 1327 330 advolavisse,
1365 275 1503 318 multo
1541 278 1803 319 ceterarum

222 332 447 375 volucrum
479 333 687 375 comitatu
725 348 880 375 novam
917 333 1073 376 faciem
1110 334 1372 376 mirantium.
1439 333 1514 376 sed
1545 334 1778 390 antiquitas

223 391 394 447 quidem
427 393 626 434 obscura.
658 392 771 433 inter
795 392 1091 435 Ptolemaeum
1126 407 1174 435 00
1200 393 1417 435 Tiberium
1444 393 1584 435 minus
1611 393 1780 437 ducenti

224 451 538 506 quinquaginta
565 451 665 493 anni
695 451 879 494 fuerunt.
936 451 1047 493 unde
1078 452 1278 494 nonnulli
1314 452 1470 494 falsum
1501 451 1615 495 hunc
1651 451 1779 520 phoe-

221 510 360 552 nicem
398 524 536 565 neque
568 509 763 552 Arabum
801 525 823 552 e
860 511 989 552 terris
1027 510 1242 552 credidere
1282 511 1475 566 nihilque
1506 512 1780 566 usurpavisse
1796 500 1820 517 '

220 583 271 611 ex
301 569 367 624 iis,
400 583 508 624 quae
535 571 655 610 vetus
680 570 888 611 memoria
912 569 1110 612 firmavit.
1160 570 1353 612 confecto
1381 570 1540 625 quippe
1569 584 1779 612 annorum

219 642 418 682 numero,
462 628 536 670 ubi
576 642 691 670 mors
735 628 1013 687 propinquet,
1052 628 1139 670 suis
1182 629 1228 671 in
1264 629 1389 671 terris
1430 632 1596 671 struere
1632 629 1780 672 nidum

221 688 342 742 eique
374 662 460 728 vim
493 687 724 742 genitalem
751 679 994 741 adfundere,
1026 701 1075 729 ex
1102 702 1186 742 qua
1211 688 1348 730 fetum
1374 689 1493 743 oriri3
1526 690 1571 730 et
1595 688 1780 743 primam

223 746 369 788 adulto
403 760 548 788 curam
581 745 814 801 sepeliendi
850 746 1005 801 patris,
1035 760 1171 801 neque
1202 747 1246 788 id
1285 750 1459 802 temere,
1498 747 1571 789 sed
1609 747 1781 791 sublato

223 819 394 846 murrae
426 804 614 858 pondere
651 806 946 860 temptatoque
978 819 1054 860 per
1084 805 1261 861 longum
1300 806 1394 861 iter,
1424 807 1499 848 ubi
1530 821 1610 861 par
1647 806 1782 862 oneri,

222 878 301 918 par
333 864 492 906 meatui
525 864 598 916 sit,
638 864 780 905 subire
817 864 1008 918 patrium
1040 879 1191 920 corpus
1228 866 1356 920 inque
1389 864 1501 908 Solis
1535 879 1778 922 aramoper-

222 925 333 965 ferre
365 926 492 978 atque
526 922 706 965 adolere.
769 922 874 965 haee
905 923 1069 965 incerta
1101 926 1144 966 et
1175 924 1382 966 fabulosis
1416 927 1560 966 aucta:
1592 927 1781 967 ceterum

223 982 356 1037 aspici
389 982 619 1036 aliquando
651 982 696 1024 in
727 982 928 1038 Aegypto
963 997 1057 1024 eam
1089 983 1304 1025 volucrem
1335 998 1422 1025 non
1453 984 1700 1038 ambigitur.

343 1042 403 1084 At
433 1041 597 1083 Romae
629 1041 754 1083 caede
787 1042 991 1084 continua
1021 1041 1287 1097 Pomponius
1317 1041 1472 1096 Labeo,
1504 1057 1629 1097 quem
1661 1057 1782 1096 prae·

217 1100 353 1142 ‘fuisse
385 1100 575 1143 Moesiae
608 1100 774 1155 rettuli,
811 1115 887 1155 per
920 1101 1123 1156 abruptas
1154 1115 1286 1143 venas
1325 1102 1579 1157 sanguinem
1612 1101 1782 1156 effudit3

1145 1175 1246 1202 nam
1282 1163 1505 1216 promptas
1545 1160 1636 1202 eius
1667 1159 1784 1202 modi

221 1223 381 1261 mortes
422 1221 563 1261 metus
605 1219 813 1261 carnificis
857 1218 1060 1275 faciebat,
1105 1222 1147 1261 et
1184 1219 1283 1275 quia
1320 1219 1510 1262 damnati
1549 1219 1782 1275 publicatis

222 1278 346 1320 bonis
388 1278 610 1333 sepultura
650 1278 1004 1333 prohibebantur,
1049 1293 1194 1321 eorum
1238 1279 1311 1334 qui
1352 1279 1403 1321 de
1443 1293 1488 1320 se
1531 1278 1780 1320 statuebant

222 1337 516 1379 humabantur
547 1351 738 1393 corpora,
772 1338 1006 1379 manebant
1030 1339 1302 1389 testamenta,
1327 1338 1512 1393 pretium
1537 1337 1784 1380 festinandi.

225 1396 297 1438 sed
320 1395 479 1438 Caesar
498 1396 641 1438 missis
663 1397 716 1438 ad
738 1398 933 1438 senatum
953 1397 1108 1438 litteris
1129 1397 1332 1439 disseruit
1351 1411 1516 1439 morem
1541 1396 1675 1439 fuisse
1695 1411 1784 1438 mae

223 1456 400 1511 ioribus,
420 1456 616 1511 quotiens
643 1455 891 1497 dirimerent
917 1456 1140 1510 amicitias,
1166 1456 1419 1498 interdicere
1446 1456 1573 1498 domo
1600 1469 1783 1511 eumque

223 1515 354 1559 finem
381 1515 546 1571 gratiae
571 1529 746 1568 ponere:
773 1514 817 1556 id
843 1528 887 1556 se
913 1515 1164 1569 repetivisse
1189 1516 1234 1557 in
1251 1514 1466 1568 Labeone,
1493 1517 1623 1569 atque
1649 1515 1784 1570 illum,

226 1574 326 1629 quia
351 1574 463 1615 male
495 1573 820 1615 administratae
846 1574 1091 1628 provinciae
1118 1574 1382 1628 aliorumque
1408 1573 1636 1616 criminum
1661 1587 1785 1629 urge-

225 1633 364 1686 batur,
396 1633 565 1687 culpam
597 1633 759 1674 invidia
782 1632 1003 1687 velavisse,
1027 1632 1191 1675 frustra
1223 1632 1453 1675 conterrita
1484 1646 1629 1687 uxore,
1655 1646 1784 1687 quam

225 1692 307 1733 etsi
337 1694 560 1734 nocentem
586 1692 765 1747 periculi
795 1694 939 1733 tamen
971 1693 1186 1746 expertem
1221 1692 1365 1734 fuisse.
1414 1690 1654 1733 Mamercus
1687 1690 1785 1733 dein

227 1749 411 1793 Scaurus
438 1765 609 1792 rursum
633 1750 891 1805 postulatur,
916 1751 1098 1806 insignis
1124 1751 1351 1793 nobilitate
1371 1752 1414 1792 et
1424 1750 1606 1792 sorandis
1633 1751 1786 1804 causis,

228 1811 319 1852 vita
350 1810 596 1865 probrosus.
646 1809 757 1851 nihil
782 1810 896 1851 hunc
928 1809 1120 1852 amicitia
1152 1809 1307 1865 Seiani,
1333 1809 1406 1851 sed
1438 1808 1642 1851 labefecit
1670 1808 1785 1851 haud

229 1870 372 1911 minus
405 1868 596 1911 validum
634 1869 686 1910 ad
725 1869 855 1910 exitia
885 1867 1103 1912 Macronis
1142 1868 1303 1923 odium,
1348 1868 1420 1924 qui
1462 1868 1633 1910 easdem
1674 1872 1786 1911 artes

272 1989 327 2021 18.
384 1986 462 2021 suis
494 1986 536 2021 in
567 1985 691 2029 terris,
728 1985 894 2020 namlich
930 1985 969 2020 in
1090 1990 1121 2021 6.
1178 1985 1375 2020 manebant
1412 1987 1633 2020 testamenta.
1695 1983 1786 2020 Dara

221 2032 396 2069 Αιο101011.

271 2084 327 2115 21.
353 2091 510 2116 marrae.
528 2080 620 2138 Vgl.
642 2079 777 2115 Herod.
806 2084 839 2123 2,
860 2083 904 2115 73
930 2077 969 2122 ἐξ

217 2124 389 2185 Ἀραβιής
414 2125 653 2184 ὁρμεοόμενον
674 2124 712 2168 ἐς
732 2124 773 2162 τὸ
800 2124 882 2172 ἴρὸν
903 2127 969 2162 τοῦ

217 2172 347 2209 Ηλίου
362 2176 527 2230 κομίζειν
546 2172 611 2209 τὸν
630 2173 776 2216 πατέρα
799 2172 840 2210 ἐν
861 2185 971 2220 σμυρ-

222 2235 268 2268 ¹¹37
308 2218 584 2265 ἐμπλάσσοντα,
626 2222 691 2256 καὶ
726 2219 891 2257 θάπτειν
929 2218 970 2256 ἐν

223 2269 288 2304 τοῦ
305 2266 433 2304 “Ηλιόυ
453 2269 502 2315 τῷ
523 2266 599 2315 ἱρῷ.
633 2268 682 2303 Ε8
701 2267 751 2304 ist
770 2269 828 2304 0111
847 2268 963 2304 wohl-

222 2315 440 2351 riechendes
467 2305 683 2351 Baumharz.
705 2335 749 2342 —-
775 2319 964 2360 temptato-

223 2374 301 2409 que,
320 2364 354 2400 d.
375 2364 411 2399 h.
432 2374 471 2398 er
490 2363 620 2398 mache
640 2363 717 2398 erst
735 2363 963 2408 Probeflfige.

222 2410 407 2446 Herodot:
428 2411 638 2456 πειρᾶσθαι
656 2408 749 2445 αὐτὸ
765 2408 963 2455 φορέοντα.

272 2462 328 2493 22.
354 2461 492 2494 meatus
509 2457 560 2492 ist
574 2457 744 2503 poetisch
757 2457 833 2492 und
853 2458 965 2492 nach-

223 2505 419 2547 klassisch‚
438 2515 524 2540 vom
542 2505 739 2550 Vogelflug
763 2505 859 2540 auch
877 2505 963 2540 hist.

226 2557 257 2597 1,
279 2557 322 2588 62
345 2553 471 2597 aquila
496 2553 569 2588 leni
593 2556 712 2588 meatu
729 2552 966 2597 praevolavit.

272 2604 328 2636 24.
385 2600 460 2635 Das
485 2599 676 2635 verneinte
703 2600 880 2645 ambiyere
898 2598 968 2634 mit

225 2647 310 2682 dem
328 2647 458 2682 Aecus
487 2658 516 2682 c.
542 2647 643 2681 infin.
670 2646 770 2682 steht
796 2647 891 2681 auch
913 2650 967 2690 11,

225 2698 257 2730 4.
294 2698 353 2738 12,
389 2698 444 2729 65.
477 2694 512 2729 h.
539 2697 578 2737 4,
604 2697 649 2729 49
684 2694 759 2728 und
795 2693 969 2728 Ammian

228 2746 283 2778 17.
310 2745 342 2784 5,
372 2745 426 2776 14.

273 2788 337 2825 29.
375 2793 404 2824 1.
443 2788 566 2824 Labeo
582 2799 656 2823 war
676 2788 746 2824 seit
759 2789 843 2823 dem
856 2787 968 2823 Jahre

226 2838 271 2916 ἓξ)
291 2836 518 2915 lStat‘t-halter
538 2845 609 2871 von
624 2834 768 2872 Mosien
786 2846 967 2881 gewesen.

264 2893 289 2926 g
308 2908 315 2916 .
342 2886 374 2925 4,
401 2886 456 2917 47.

1043 2032 1212 2067 (1011110011
1237 2032 1416 2067 zuweilen
1436 2031 1695 2067 Konfiskation
1720 2031 1786 2067 des

1042 2079 1271 2171 Σεὲιόιόςωω
1298 2079 1453 2125 eintrat,
1479 2078 1577 2114 sieht
1601 2089 1689 2114 man
1719 2089 1786 2115 aus

1092 2183 1148 2214 10.
1197 2180 1394 2224 uryebatur
1418 2178 1488 2214 mit
1513 2178 1598 2214 dem
1623 2177 1783 2214 Genetiv

1042 2227 1092 2262 ist
1117 2223 1181 2262 ἅπ.
1208 2225 1274 2271 εἰρ.
1299 2226 1351 2261 1111
1377 2226 1520 2261 Latein.

1086 2289 1140 2322 11.
1185 2286 1329 2330 culpam
1353 2285 1497 2321 invidia
1525 2284 1698 2321 velavisse
1723 2295 1788 2329 „er

1036 2333 1132 2368 habe
1163 2332 1263 2368 seine
1290 2332 1430 2367 Schuld
1462 2331 1693 2377 bemantelt,
1730 2331 1787 2367 in-

1038 2380 1122 2415 dem
1148 2391 1187 2415 er
1212 2379 1284 2414 den
1308 2378 1399 2414 Hass
1435 2382 1500 2414 des
1530 2379 1680 2415 Kaisers
1703 2389 1787 2415 vor·

1038 2427 1270 2472 geschiitzt.“

1087 2484 1141 2516 13.
1167 2478 1342 2524 Scaurus,
1362 2478 1476 2515 sehon
1496 2483 1526 2522 1,
1551 2483 1593 2514 13
1616 2479 1788 2515 erwahnt

1038 2527 1114 2562 und
1140 2526 1278 2562 seither
1303 2527 1389 2562 dem
1406 2526 1576 2562 Tiberius
1603 2526 1784 2562 verdach-

1038 2574 1107 2619 tig,
1118 2584 1195 2608 war
1211 2574 1271 2609 ein
1283 2573 1609 2620 ausgezeichneter
1621 2572 1780 2609 Redner.

1089 2636 1144 2669 14.
1194 2633 1255 2668 sed
1280 2633 1455 2677 labefecit.
1512 2632 1586 2666 Das
1611 2629 1711 2667 Verb
1736 2632 1788 2668 ist

1039 2681 1136 2716 nach
1181 2679 1466 2715 dichterischem
1504 2677 1704 2714 Gebrauch
1746 2679 1787 2714 in

1041 2727 1113 2763 den
1138 2727 1294 2762 zweiten
1319 2726 1403 2762 Satz
1436 2725 1689 2772 versehoben,
1714 2725 1785 2762 wie

1042 2779 1075 2819 3,
1102 2779 1146 2810 56
1173 2774 1309 2820 delegit.

1091 2838 1146 2869 15.
1196 2837 1308 2878 artes,
1346 2832 1443 2868 denn
1481 2843 1518 2867 es
1554 2831 1660 2876 giebt
1691 2832 1786 2869 auch

1042 2882 1158 2916 malae
1183 2884 1287 2915 artes.
