1794 3126
91 642 136 675 1ο
160 631 322 673 bellum
359 643 463 671 esse.

158 46 246 90 232

591 47 820 84 CORNELII
845 46 1006 85 TACITI
1030 48 1292 87 ANNALIUM

159 156 369 199 sollemne
398 156 486 226 iuffi
497 156 743 212 iurandum,
781 158 1174 212 nuncupationibus
1205 163 1405 203 votorum
1436 174 1526 203 non
1556 160 1724 216 adesse,

159 215 353 270 quamvis
391 215 756 271 qumdecimvirali
795 216 1034 259 sacerdotio
1072 218 1332 276 praeditum3
1370 233 1605 275 numquam
1638 233 1726 275 pro

159 275 298 317 salute
329 275 537 331 principis
570 277 644 317 aut
675 275 850 318 caelesti
879 290 984 318 voce
1015 276 1329 334 immolavisse3
1362 277 1585 320 adsiduum
1613 278 1720 322 olim

112 345 133 376 5
160 337 204 377 et
238 334 519 389 indefessum,
556 335 628 389 qui
659 334 913 390 vulgaribus
945 349 1112 390 quoque
1142 339 1314 392 patrum
1347 337 1552 380 consultis
1584 339 1727 380 semet

126 399 129 403 '
158 393 371 436 fautorem
415 396 490 435 aut
533 393 824 436 adversarium
869 394 1129 450 ostenderet,
1173 395 1359 439 triennio
1395 410 1484 439 non
1518 396 1727 439 introisse

159 453 333 508 curiam,
363 452 702 508 nuperrimeque,
735 466 831 494 cum
862 452 915 494 ad
946 454 1202 497 coercendos
1230 453 1422 498 Silanum
1453 457 1496 497 et
1519 454 1722 498 Veterem

159 512 357 555 certatim
388 513 721 566 concurreretur,
751 511 931 567 privatis
962 513 1107 566 potius
1139 514 1359 557 clientium
1386 514 1572 570 negotiis
1597 528 1724 558 vaca·-

158 572 289 614 visse:
322 570 608 613 secessionem
640 570 727 612 iam
758 570 802 612 id
834 572 877 612 ct
906 575 1053 625 partes
1079 575 1134 627 et,
1166 573 1204 616 si
1229 573 1342 616 idem
1370 573 1498 616 multi
1524 573 1726 629 audeant,

525 629 589 671 ‘ut
627 629 843 684 quondam
883 627 927 671 O.
960 628 1203 674 Caesarem'
1241 633 1382 688 inquit
1418 632 1478 675 eet
1507 631 1565 676 M.
1597 631 1728 676 Cato·

159 704 277 744 nem,
314 689 377 731 ita
412 702 526 730 nunc
557 690 619 744 te,
655 687 791 740 Nero,
830 690 873 730 et
904 688 1140 732 Thraseam
1173 691 1297 734 avida
1328 691 1636 734 discordiarum
1667 691 1724 734 ci-

160 749 275 791 vitas
311 747 512 804 loquitur.
574 749 616 789 et
652 747 785 789 habet
823 749 1056 791 sectatores
1093 750 1162 792 vel
1199 751 1344 805 potius
1384 751 1609 806 satellites,
1649 750 1726 806 qui

161 808 353 851 nondum
397 807 710 850 contumaciam
749 807 1078 863 sententiarum,
1123 809 1197 850 sed
1234 809 1430 852 habitum
1472 810 1729 865 vultumque

163 868 254 910 eius
286 868 515 922 sectantur,
545 865 674 922 rigidi
705 868 748 908 et
777 866 938 921 tristeS,
970 881 1054 922 quo
1085 867 1167 910 tibi
1198 868 1422 911 lasciviam
1453 869 1732 924 exprobrent.

94 938 136 969 15
161 927 262 970 huic
299 926 375 969 uni
411 926 685 968 incolumitas
722 927 798 968 tua
837 925 929 968 sine
966 939 1085 981 cura,
1123 929 1237 969 artes
1269 928 1361 970 sine
1391 927 1564 970 honore.
1626 942 1725 983 pro-

163 1000 310 1042 speras
341 985 548 1041 principis
579 999 646 1027 res
680 985 860 1041 spernit:
892 985 1075 1028 etiamne
1107 986 1296 1029 luctibus
1322 989 1365 1029 et
1389 986 1609 1030 doloribus
1634 1001 1730 1038 non-

161 1045 372 1089 satiatur‘?
441 1044 630 1087 eiusdem
673 1044 804 1086 animi
845 1046 911 1086 est
947 1043 1195 1100 Poppaeam
1233 1046 1378 1088 divam
1413 1060 1501 1089 non
1537 1045 1726 1101 credere,

161 1106 280 1149 cuius
322 1104 369 1146 in
413 1106 510 1147 acta
546 1103 634 1146 divi
671 1104 858 1159 Augusti
895 1105 939 1145 et
975 1103 1062 1147 divi
1098 1104 1181 1147 Iuli
1219 1120 1306 1147 non
1342 1105 1494 1148 iurare.
1556 1105 1727 1160 spernit

160 1165 405 1221 religiones,
430 1164 613 1219 abrogat
636 1164 764 1219 leges,
815 1163 966 1205 diurna
990 1164 1139 1219 populi
1157 1164 1344 1207 Romani
1369 1179 1444 1220 per
1462 1164 1724 1220 provincias,

89 1234 136 1267 20
160 1239 237 1280 per
267 1224 475 1266 exercitus
508 1223 695 1265 curatius
726 1223 940 1278 leguntur,
971 1225 1020 1264 ut
1049 1226 1254 1266 noscatur
1285 1224 1386 1281 quid
1411 1223 1601 1266 Thrasea
1629 1237 1720 1266 non

159 1283 321 1327 fecerit.
382 1286 457 1325 aut
486 1284 755 1324 transeamus
788 1282 841 1324 ad
871 1281 946 1323 illa
975 1282 1192 1334 instituta,
1228 1283 1265 1325 si
1294 1283 1468 1338 potiora
1499 1285 1612 1336 sunt,
1643 1283 1720 1325 aut

160 1358 274 1386 nova
306 1341 575 1397 cupientibus
607 1341 823 1384 auferatur
854 1341 939 1383 dux
969 1343 1012 1383 et
1043 1344 1205 1385 auctor.
1264 1342 1350 1384 ista
1382 1345 1499 1385 secta
1530 1341 1722 1384 Tubero-

160 1417 238 1445 nes
275 1404 318 1444 et
347 1401 580 1455 Favonios,
617 1401 750 1443 veteri
788 1415 955 1456 quoque
991 1401 1054 1442 rei
1092 1401 1287 1456 publicae
1324 1402 1498 1458 ingrata
1528 1401 1729 1456 nomina,

163 1462 326 1519 genuit.
385 1463 434 1503 ut
469 1460 695 1516 imperium
731 1462 942 1514 evertant,
979 1459 1221 1503 libertatem
1252 1461 1518 1517 praeferunt:
1557 1460 1593 1502 si
1624 1474 1724 1515 per-

213 1606 245 1638 2.
284 1601 352 1637 Die
384 1604 467 1637 vota
504 1601 587 1636 sind
619 1601 678 1636 die
710 1612 757 1635 an
785 1600 911 1646 jedem

168 1653 201 1685 3.
215 1649 357 1684 Januar
382 1649 655 1694 abgehaltcnen
679 1647 820 1683 Gebete
847 1648 913 1682 der

167 1696 519 1741 Priesterkollcgien
550 1706 623 1741 pro
664 1695 913 1730 incolumitate

162 1744 367 1790 principis,
402 1743 461 1778 die
489 1743 583 1778 auch
609 1746 648 1787 4,
676 1746 720 1778 17
746 1743 913 1778 erwahnt

169 1791 329 1827 werden.

219 1842 250 1874 3.
278 1837 347 1874 Die
366 1838 645 1883 quindecimviri
663 1836 745 1873 sind
766 1837 825 1872 die
845 1836 913 1871 Be-

170 1886 317 1921 wahrer
353 1885 419 1921 der
450 1885 729 1930 sibyllinischen
759 1884 914 1920 Biicher.

170 1933 256 1979 Vgl.
283 1945 327 1968 zu
352 1936 391 1978 3,
418 1936 473 1968 64.

219 1984 251 2016 4.
285 1990 378 2016 voce.
428 1979 534 2015 Auch
559 1979 620 2015 bei
644 1980 743 2015 Suet.
763 1979 849 2015 Ner.
870 1983 914 2014 21

174 2028 266 2063 wird
296 2028 396 2063 scine
423 2027 579 2063 Stimme
603 2038 676 2062 von
703 2027 915 2062 Schmeich-

170 2076 253 2111 lern
277 2075 436 2111 caelestis
460 2086 531 2111 vox
557 2075 730 2120 genannt.

221 2126 253 2158 5.
297 2122 498 2166 indefessus
535 2135 604 2158 nur
643 2122 701 2157 bei
739 2121 916 2156 Dichtern

174 2170 247 2206 seit
258 2170 381 2215 Virgil
400 2170 475 2204 und
495 2170 546 2205 im
568 2170 754 2205 silbernen
768 2169 917 2211 Latein3

174 2218 333 2261 defessus
358 2217 454 2252 auch
478 2217 539 2253 bei
565 2217 704 2252 Cicero.

224 2269 256 2301 τ.
294 2255 392 2299 Uber
417 2264 563 2300 silanus
581 2277 607 2299 s.
628 2263 698 2309 ΚΡ.
721 2267 758 2307 ⁷3
785 2263 825 2299 L.
846 2263 917 2299 ve-

173 2314 234 2347 tus
259 2313 328 2357 Kp.
357 2315 412 2346 10.

223 2365 254 2396 9.
281 2360 331 2396 id.
370 2358 516 2395 Ebenso
537 2359 639 2393 steht
657 2359 724 2393 das
749 2358 918 2393 neutrale

173 2406 382 2442 Pronomen
408 2407 462 2442 als
490 2406 648 2452 Subjekt
673 2406 761 2441 oder
780 2405 920 2451 Objekt

174 2455 272 2490 trotz
303 2454 404 2490 eines
429 2453 682 2489 Femininums
715 2453 765 2488 im
789 2452 919 2488 Pradi-

173 2503 259 2537 kat:
287 2506 318 2546 1,
345 2504 390 2536 49
416 2512 490 2536 uon
514 2502 730 2536 medicinam
754 2501 849 2535 illud
875 2521 918 2525 —-

174 2550 237 2585 sed
261 2550 399 2584 cladem
423 2550 622 2594 appellaris.
673 2552 712 2592 4,
741 2551 783 2583 19
815 2548 921 2592 quasi

175 2597 272 2632 illud
289 2596 493 2640 respublica
512 2599 608 2631 esset.
647 2599 680 2639 2,
700 2600 758 2631 38.
779 2595 866 2630 hist.
890 2600 919 2638 1,

176 2648 234 2679 49.
254 2645 341 2689 Agr.
363 2647 419 2678 43.
466 2643 590 2678 Selten
611 2643 672 2678 bei
691 2642 918 2677 Klassikern.

227 2694 281 2726 10.
322 2691 379 2726 M.
413 2690 601 2734 Catonem,
638 2690 802 2725 namlich
841 2688 919 2724 Uti-

178 2749 338 2773 oensem.

228 2789 282 2819 11.
315 2789 349 2820 te
384 2786 478 2820 statt
514 2786 558 2820 de
593 2788 626 2820 te
656 2795 729 2820 von
761 2784 922 2829 loquitur

176 2832 380 2878 abhangig,
399 2832 450 2868 ist
468 2833 527 2868 bei
543 2833 628 2868 Tac.
648 2828 713 2868 ἅπ.
734 2830 814 2877 εἰρ.,
834 2830 922 2866 aber

985 1601 1101 1636 sehon
1132 1601 1259 1636 Cicero
1292 1602 1391 1646 sagt:
1423 1612 1559 1636 merwm
1589 1601 1732 1642 bellum,

983 1659 1082 1683 mera
1118 1649 1251 1683 scelera
1288 1648 1396 1694 loqui.
1455 1648 1534 1684 Liv.
1569 1650 1608 1692 5,
1641 1650 1675 1690 5,
1707 1651 1733 1682 4

984 1706 1028 1731 ne
1070 1696 1236 1740 singulas
1279 1696 1408 1741 loquar
1450 1696 1566 1731 urbes.
1627 1685 1735 1730 &fter

984 1744 1156 1778 disserere
1184 1743 1345 1788 aliquid:
1379 1754 1462 1778 ann.
1491 1746 1523 1787 1,
1549 1746 1582 1778 4.
1614 1746 1647 1786 2,
1673 1745 1736 1778 27,

988 1794 1051 1834 12,
1075 1793 1132 1826 48.
1159 1790 1244 1825 hist.
1271 1795 1311 1834 2,
1337 1794 1369 1827 2.

1037 1841 1090 1873 16.
1138 1838 1246 1872 etiam
1288 1836 1360 1872 mit
1401 1837 1614 1882 folgendem
1656 1846 1737 1872 uon

989 1885 1085 1920 auch
1131 1888 1191 1930 13,
1228 1888 1249 1920 3
1293 1885 1401 1920 etiam
1428 1883 1522 1921 Gai
1565 1883 1737 1920 Caesarie

988 1933 1138 1967 turbata
1170 1943 1267 1968 meris
1292 1933 1364 1967 vim
1389 1931 1534 1967 dicendi
1557 1942 1631 1966 mm
1656 1941 1734 1966 cor·

987 1980 1102 2024 rupit.
1706 2018 1709 2020 q

1038 2031 1092 2062 19.
1119 2027 1270 2071 abroqat
1290 2027 1392 2073 leyes,
1412 2026 1573 2061 insofern
1596 2036 1633 2060 er
1657 2025 1732 2060 den

988 2074 1241 2119 gesetzlichen
1286 2073 1364 2109 Akt
1412 2073 1477 2109 der
1520 2071 1732 2119 jahrlichen

988 2121 1266 2167 Eidesleistung
1303 2121 1468 2166 umgeht.
1505 2140 1550 2145 -
1581 2120 1738 2162 diurna,

990 2169 1050 2204 die
1089 2167 1161 2203 seit
1192 2168 1327 2204 Caesar
1358 2166 1621 2204 erecheinende
1654 2165 1734 2202 Zei-

989 2218 1101 2262 tung,
1134 2216 1228 2251 auch
1259 2216 1398 2251 diurna
1428 2215 1531 2250 urbis
1561 2217 1644 2250 acta
1677 2217 1735 2259 13,

991 2268 1047 2299 31.
1099 2263 1182 2309 Vgl.
1209 2275 1253 2298 zu
1279 2267 1317 2306 5,
1342 2266 1376 2298 4.

1038 2326 1094 2357 20.
1122 2323 1286 2358 curatius
1305 2322 1399 2358 statt
1417 2321 1625 2357 accuratius
1644 2319 1737 2356 oder

990 2371 1127 2405 maiore
1151 2380 1243 2405 cura
1267 2369 1363 2404 auch
1390 2372 1450 2413 14,
1477 2372 1533 2403 21.
1567 2373 1606 2411 2,
1633 2371 1690 2403 27.

1040 2433 1095 2464 21.
1128 2429 1213 2471 illa,
1245 2428 1409 2463 namlich
1437 2427 1497 2462 die
1521 2425 1734 2472 republika-

992 2475 1120 2511 nische
1145 2475 1384 2521 Verfassung.

1039 2539 1095 2570 22.
1141 2534 1305 2577 Tubero,
1350 2534 1410 2569 ein
1448 2533 1611 2576 swiker,
1654 2541 1735 2567 war

993 2582 1140 2628 Gegner
1182 2582 1247 2617 der
1290 2581 1499 2623 Gracchen,
1547 2579 1734 2615 Favonius

993 2630 1054 2665 ein
1072 2629 1218 2664 Freund
1238 2629 1303 2664 des
1323 2628 1415 2664 Cato
1434 2627 1627 2663 Uticensis.
1660 2626 1735 2661 Der

993 2677 1178 2722 generelle
1203 2676 1332 2711 Plural
1355 2676 1424 2710 wie
1452 2678 1506 2719 15,
1528 2678 1571 2709 14
1595 2673 1733 2708 Lucul-

994 2726 1057 2767 los,
1073 2724 1272 2769 Pompeios.
1296 2727 1326 2767 1,
1344 2726 1386 2758 10
1402 2722 1593 2764 Varronec,
1606 2720 1735 2766 Equa-

993 2772 1081 2815 tios,
1106 2771 1219 2806 Iulos.
1270 2771 1374 2806 Auch
1399 2769 1458 2805 bei
1484 2767 1620 2804 Cicero.

1042 2833 1097 2867 24.
1132 2830 1350 2875 praeferunt
1380 2828 1472 2863 statt
1495 2838 1590 2872 prae
1618 2838 1654 2863 se
1683 2827 1734 2871 fc-
