1806 3120
597 80 742 118 LIBER
758 81 823 118 111.
867 81 969 118 CAP.
991 85 1141 118 10—12.
1569 82 1655 126 155

97 190 311 234 Tiberius.
375 189 412 232 is
449 188 564 231 haud
601 189 710 231 alias
741 189 966 244 intentior,
1002 190 1187 245 populus
1219 190 1316 245 plus
1349 190 1431 232 sibi
1463 190 1508 232 in
1538 191 1653 246 prin·

99 251 238 307 cipem
271 248 462 292 occultae
494 248 609 291 vocis
641 250 718 290 aut
748 249 981 304 suspicacis
1014 249 1178 291 silentii
1207 249 1416 304 permisit.

1681 262 1724 294 10

215 307 294 350 Die
333 309 507 350 senatus
539 305 698 350 Caesar
737 308 976 351 orationem
1013 308 1166 350 habuit
1202 307 1409 350 meditato
1441 309 1650 362 tempera·
1670 310 1723 352 12

97 369 256 410 mento.
333 367 470 422 patris
518 366 584 409 sui
627 367 820 423 legatum
870 369 998 423 atque
1049 367 1232 410 amicum
1275 366 1478 410 Pisonem
1520 367 1653 409 fuisse

95 427 418 481 adiutoremque
459 424 713 468 Germanico
758 426 906 468 datum
949 441 974 468 a
1015 441 1060 469 se
1103 429 1277 469 auctore
1327 429 1479 469 senatu
1524 427 1652 469 rebus

96 485 209 542 apud
241 485 446 527 orientem
481 485 846 528 administrandis.
911 486 1000 528 illic
1031 485 1301 528 contumacia
1332 488 1375 528 et
1406 485 1654 528 certamini-

94 545 175 587 bus
208 547 449 600 asperasset
479 544 674 586 iuvenem
700 545 901 600 exituque
933 545 1024 587 eius
1050 545 1237 588 laetatus
1270 548 1384 587 esset
1409 559 1469 587 an
1494 545 1652 587 scelere

94 603 365 658 extinxisset,
407 603 588 659 integris
632 603 786 645 animis
831 603 1160 646 diiudicandum.
1234 603 1356 646 ‘nam
1401 604 1438 646 si
1480 603 1652 659 legatus

96 662 229 706 officii
258 663 483 714 terminos,
522 663 773 718 obsequium
811 677 915 719 erga
951 663 1257 719 imperatorem
1295 664 1411 706 exuit
1442 663 1652 705 eiusdem-

94 736 175 778 que
200 724 337 764 morte
363 724 406 764 et
430 722 549 764 luctu
573 736 669 765 meo
695 722 882 765 laetatus
909 725 985 777 est,
1011 722 1140 765 odero
1167 737 1456 790 seponamque
1476 737 1502 764 a
1521 722 1651 765 domo

92 795 190 824 mea
233 783 276 823 et
320 781 511 836 privatas
561 781 812 824 inimicitias
862 796 950 824 non
992 782 1037 824 vi
1081 782 1287 837 principis
1331 781 1530 825 ulciscar:
1586 782 1653 824 sin

95 840 262 882 facinus
294 840 338 882 in
369 841 672 896 cuiuscumque
698 840 946 883 mortalium
971 855 1074 883 nece
1100 841 1399 884 vindicandum
1423 841 1651 896 detegitur,

93 913 170 942 vos
202 913 302 941 vero
342 902 386 941 et
415 900 573 942 liberos
606 898 851 943 Germanici
884 903 928 943 et
957 915 1036 942 nos
1074 903 1273 955 parentes
1312 900 1438 942 iustis
1482 900 1651 942 solaciis

95 958 273 1001 adficite.
342 959 558 1014 simulque
589 959 695 1001 illud
726 961 942 1015 reputate,
978 959 1147 1002 turbide
1187 962 1231 1001 et
1263 959 1464 1002 seditiose
1494 961 1652 1002 tracta-

92 1017 202 1060 verit
227 1018 435 1060 exercitus
459 1018 573 1073 Piso,
606 1019 801 1073 quaesita
832 1019 918 1061 sint
953 1033 1030 1073 per
1055 1019 1334 1061 ambitionem
1366 1018 1509 1061 studia
1539 1018 1653 1060 mili-

92 1079 202 1131 tum,
235 1076 365 1119 armis
395 1077 579 1132 repetita
610 1077 849 1132 provincia,
890 1092 945 1120 an
975 1077 1086 1120 falsa
1115 1078 1220 1120 haec
1258 1078 1303 1119 in
1335 1078 1473 1120 maius
1506 1078 1652 1133 vulga-

94 1137 236 1178 verint
267 1139 557 1190 accusatores,
595 1151 777 1191 quorum
808 1149 888 1192 ego
926 1137 1070 1179 nimiis
1103 1137 1256 1179 studiis
1287 1137 1379 1179 iure
1412 1151 1651 1180 suscenseo.

91 1209 193 1237 nam
218 1209 302 1250 quo
327 1195 535 1250 pertinuit
559 1195 719 1237 nudare
744 1210 898 1251 corpus
925 1198 968 1238 et
991 1196 1343 1239 contrectandum
1367 1196 1486 1252 vulgi
1513 1196 1649 1238 oculis

92 1254 343 1308 permittere
386 1254 630 1310 differrique
675 1255 805 1296 etiam
852 1270 929 1310 per
972 1258 1169 1298 externos
1219 1258 1440 1311 tamquam
1483 1269 1649 1298 veneno

92 1313 356 1367 interceptus
400 1316 527 1367 esset,
574 1314 611 1356 si
653 1314 818 1356 incerta
860 1314 998 1356 adhuc
1040 1315 1126 1356 ista
1169 1317 1212 1356 et
1250 1314 1479 1357 scrutanda
1520 1314 1649 1357 sunt?

93 1372 227 1415 defleo
272 1372 466 1428 equidem
509 1373 644 1414 filium
687 1388 830 1415 meum
872 1387 1121 1429 semperque
1165 1373 1354 1416 deflebo:
1395 1373 1470 1416 sed
1511 1388 1649 1429 neque

90 1445 212 1473 reum
241 1431 448 1486 prohibeo
481 1446 564 1487 quo
596 1432 739 1474 minus
778 1435 932 1475 cuncta
961 1432 1172 1488 proferat,
1210 1433 1363 1487 quibus
1402 1433 1650 1475 innocentia

92 1491 183 1533 eius
222 1490 440 1534 sublevari
477 1493 569 1545 aut,
614 1491 650 1533 si
693 1506 778 1547 qua
813 1491 896 1534 fuit
934 1491 1140 1547 iniquitas
1173 1491 1436 1543 Germanici,
1474 1492 1651 1547 coargui

91 1550 247 1605 possit,
290 1564 451 1607 vosque
495 1565 570 1593 oro
613 1565 685 1606 ne,
728 1551 827 1606 quia
871 1551 1012 1593 dolori
1055 1566 1150 1593 meo
1195 1566 1325 1594 causa
1367 1565 1529 1594 conexa
1572 1552 1651 1604 est,

91 1609 258 1651 obiecta
289 1610 469 1652 crimina
499 1624 576 1666 pro
608 1610 858 1665 adprobatis
885 1610 1117 1665 accipiatis.
1181 1610 1218 1653 si
1248 1625 1354 1666 quos
1385 1610 1651 1666 propinquus

91 1669 265 1724 sanguis
309 1671 384 1711 aut
426 1669 531 1711 fides
572 1684 648 1711 sua
690 1671 898 1724 patronos
936 1669 1067 1722 dedit,
1105 1672 1314 1726 quantum
1352 1669 1530 1726 quisque
1562 1669 1648 1712 elo-

92 1729 265 1783 quentia
290 1730 334 1769 et
358 1743 460 1770 cura
479 1729 606 1784 valet,
624 1728 768 1771 iuvate
794 1728 1127 1785 periclitantem3
1155 1729 1208 1771 ad
1234 1729 1415 1772 eundem
1440 1729 1647 1784 laborem,

89 1786 269 1828 eandem
300 1788 588 1830 constantiam
619 1790 887 1830 accusatores
922 1788 1084 1831 hortor.
1144 1788 1188 1830 id
1220 1789 1359 1830 solum
1397 1787 1649 1830 Germanico

90 1860 218 1901 super
249 1847 365 1902 leges
390 1846 746 1901 praestiterimus,
778 1846 892 1902 quod
921 1847 967 1889 in
999 1847 1117 1889 curia
1148 1849 1293 1903 potius
1319 1862 1447 1902 quam
1472 1848 1517 1889 in
1542 1847 1650 1902 foro,

92 1904 205 1959 apud
243 1908 438 1947 senatum
476 1920 604 1960 quam
642 1906 756 1960 apud
796 1905 955 1948 iudices
998 1906 1048 1948 de
1090 1909 1227 1948 morte
1268 1907 1359 1948 eius
1391 1906 1650 1961 anquiritur,

92 1965 235 2005 cetera
264 1964 359 2017 pari
390 1964 602 2006 modestia
631 1967 877 2007 tractentur.
944 1979 1070 2007 nemo
1103 1965 1235 2007 Drusi
1272 1965 1488 2017 lacrimas,
1519 1979 1647 2007 nemo

91 2022 355 2064 maestitiam
398 2037 537 2065 meam
581 2026 761 2078 spectet,
802 2038 880 2066 nec
930 2024 967 2066 si
1011 2039 1097 2079 qua
1139 2024 1184 2066 in
1226 2038 1306 2066 nos
1347 2023 1527 2066 adversa
1572 2024 1650 2066 fin·

91 2081 277 2137 guntur?

137 2201 169 2233 9.
196 2196 263 2232 Bei
281 2198 456 2234 intentior
474 2198 525 2234 ist
542 2201 619 2234 erat
637 2210 681 2233 zu
701 2201 832 2243 ergan-

89 2255 166 2279 zen.
194 2249 225 2289 6,
240 2248 286 2280 50
298 2256 458 2281 sermone
476 2256 519 2281 ac
537 2247 640 2281 vultu
660 2246 831 2281 intentus.

138 2291 200 2328 12.
226 2296 258 2327 3.
301 2294 406 2329 rebus
431 2293 748 2329 administrandis.
794 2292 831 2328 S.

89 2338 184 2374 Einl.
210 2343 240 2382 ς.
269 2343 348 2385 109,
373 2341 407 2377 b.

136 2390 169 2422 5.
218 2397 387 2432 asperare
412 2388 504 2423 statt
530 2398 742 2433 exasperare
767 2387 834 2422 hat

87 2433 174 2469 Tac.
201 2433 314 2478 efter,
347 2436 450 2470 sonst
474 2447 544 2470 nur
568 2434 629 2470 bei
653 2434 833 2470 Dichter-n

90 2481 167 2516 und
190 2481 242 2516 im
267 2481 454 2517 silbernen
477 2482 620 2517 Latein.

137 2532 168 2564 6.
212 2530 437 2566 namsictt.
495 2529 565 2565 We
569 2540 642 2575 gen
672 2529 737 2564 des
767 2540 833 2564 un·

87 2575 343 2611 vermittelten
355 2541 594 2622 Ubergangsg
588 2588 651 2611 zur
662 2575 833 2611 direkten

90 2621 191 2658 Rede
218 2634 246 2660 s.
271 2635 315 2658 zu
340 2627 373 2669 2,
401 2628 456 2660 77.

139 2673 193 2705 12.
231 2671 400 2706 tua-bidus
418 2671 474 2706 als
495 2670 747 2716 Synonymum
760 2681 833 2706 von

86 2717 294 2761 seditiosus,
319 2716 381 2753 bei
403 2717 555 2753 Tacitus
581 2718 733 2761 beliebt,
758 2728 833 2753 wo-

90 2774 212 2810 gegen
243 2764 370 2800 Cicero
401 2766 630 2801 turbulentus
654 2765 832 2801 vorzieht.

139 2815 193 2846 13.
242 2813 420 2848 exercitus
450 2813 544 2848 statt
567 2813 738 2858 leyiones,
763 2812 833 2847 wie

91 2860 125 2904 1,
148 2861 205 2895 52.

954 2202 1007 2234 16.
1030 2199 1187 2243 pertinet
1211 2198 1281 2233 mit
1306 2197 1465 2234 blossem
1484 2197 1650 2235 Infinitiv

904 2245 972 2281 wie
999 2244 1166 2281 Comific.
1193 2249 1231 2290 4,
1257 2249 1302 2281 27
1338 2257 1447 2291 quam
1471 2257 1546 2282 non
1566 2258 1649 2291 per—

903 2294 1017 2328 tineat
1026 2293 1113 2329 aliis
1125 2294 1306 2329 ostendere
1311 2306 1324 2336 ;
1336 2294 1407 2328 mit
1419 2294 1505 2329 dem
1515 2295 1635 2329 Aecus
1642 2322 1650 2330 .

905 2351 934 2377 c.
960 2339 1060 2376 infin.
1087 2341 1126 2375 in
1153 2339 1298 2376 Ciceros
1319 2340 1479 2377 Briefen.
1499 2361 1546 2367 —-
1565 2352 1648 2377 con-

903 2391 1054 2424 trectare
1067 2388 1180 2424 oculis
1193 2388 1288 2423 nach
1300 2386 1382 2424 Sen.
1398 2389 1564 2424 controv.
1575 2392 1647 2432 1,2,

906 2439 975 2480 13„
1007 2434 1104 2470 doch
1136 2435 1221 2480 sagt
1250 2435 1364 2471 schon
1392 2435 1538 2471 Cicero:
1570 2438 1648 2471 tota

905 2485 1018 2518 mente
1043 2486 1270 2518 contrectare.

956 2533 1010 2565 17.
1036 2530 1243 2574 permittere
1258 2529 1478 2574 differrique.
1514 2528 1650 2565 Diesen

906 2575 1081 2611 Wechsel
1101 2575 1166 2612 des
1192 2575 1345 2612 aktiven
1370 2577 1445 2610 und
1476 2576 1650 2620 passiven

905 2622 1088 2659 Infinitive
1101 2623 1170 2658 hat
1185 2622 1338 2658 Tacitus
1358 2635 1428 2658 nur
1447 2623 1539 2667 hier,
1559 2623 1649 2659 aber

904 2681 972 2706 vor
1000 2670 1079 2705 ihm
1111 2670 1226 2706 schon
1258 2670 1372 2706 Casan·
1401 2670 1437 2705 b.
1469 2681 1499 2705 0.
1534 2673 1572 2715 1,
1603 2674 1648 2706 32

906 2718 1029 2753 omnia
1049 2718 1260 2762 permisceri
1284 2718 1432 2752 mallent
1455 2729 1564 2763 qnam
1582 2718 1648 2753 im-

900 2765 1047 2810 perium
1070 2765 1257 2800 dimittere.
1308 2768 1352 2799 61
1378 2766 1586 2810 conquirere
1604 2785 1649 2791 —

907 2813 1052 2848 adduci.
1101 2815 1134 2846 2.
1160 2815 1214 2847 31.
1261 2810 1340 2847 Liv.
1367 2814 1429 2856 29,
1455 2815 1487 2846 4.
1514 2816 1578 2858 34,
1603 2815 1648 2848 37

906 2859 982 2894 und
1008 2859 1112 2895 oster.

1678 853 1722 885 10

1679 1146 1722 1179 15

1676 1443 1721 1476 20

1674 1736 1718 1769 25

1675 2031 1721 2063 30
