1812 3112
584 121 733 158 LIBER
755 122 854 158 xm.
899 120 1003 158 CAP.
1030 125 1133 157 1—4.
1552 107 1638 166 '79

67 232 206 288 rabat,
228 231 421 274 intentus
445 232 538 287 ipse
565 233 609 274 et
632 230 786 285 ceteri3
808 229 1053 272 liberalium
1080 243 1250 285 quoque
1276 229 1434 272 artium
1459 244 1638 273 comme-

66 291 251 334 moratio
294 294 339 333 et
379 291 490 334 nihil
533 292 711 347 regente
755 303 806 332 eo
847 288 973 331 triste
1015 289 1078 330 rei
1120 289 1320 344 publicae
1358 289 1413 331 ab
1451 291 1638 332 externis

68 350 273 393 accidisse
303 351 452 406 pronis
485 350 640 393 animis
671 347 834 391 audita:
871 349 1103 404 postquam
1141 348 1196 390 ad
1225 348 1540 404 providentiam
1572 364 1637 391 sa·
1664 359 1685 391 5

66 410 362 466 pientiamque
392 410 529 465 flexit,
564 422 690 451 nemo
721 408 829 450 risui
859 410 1116 463 temperare,
1149 422 1410 464 quamquam
1442 408 1581 451 oratio
1613 423 1640 451 a

69 468 232 512 Seneca
269 469 509 525 composita
545 469 729 511 multum
767 468 907 510 cultus
943 467 1200 522 praeferret,
1238 469 1288 509 ut
1322 467 1408 509 fuit
1444 467 1524 509 illi*
1545 467 1638 510 viro

66 529 294 584 ingenium
332 542 562 571 amoenum
599 530 643 570 et
677 526 885 582 temporis
921 527 1012 568 eius
1044 527 1220 569 auribus
1253 526 1639 570 adcommodatum.

67 587 335 631 adnotabant
373 588 580 642 seniores,
619 586 774 643 quibus
813 586 1000 628 otiosum
1038 587 1104 628 est
1140 588 1287 628 vetera
1318 588 1362 628 et
1391 587 1639 641 praesentia

11 646 14 648 ’
66 648 341 702 contendere,
377 647 564 702 primum
602 660 655 688 ex
690 646 744 688 iis
782 646 857 701 qui
892 660 1036 687 rerum
1072 646 1202 700 potiti
1239 648 1385 688 essent
1419 645 1639 689 Neronem
1666 656 1710 688 10

67 707 232 749 alienae
267 706 493 749 facundiae
531 706 712 762 eguisse.
771 719 874 747 nam
912 705 1098 747 dictator
1129 703 1288 748 Caesar
1325 706 1506 748 summis
1545 720 1637 750 ora·

64 766 232 809 toribus
277 766 489 821 aemulus3
535 769 578 808 et
617 765 814 821 Augusto
858 766 1062 820 prompta
1105 779 1154 807 ac
1195 764 1408 820 profluens
1447 779 1639 821 quaeque

66 825 235 868 deceret
266 825 503 881 principem
536 825 786 880 eloquentia
815 824 910 867 fuit.
965 824 1159 866 Tiberius
1192 826 1330 866 artem
1362 839 1530 880 quoque
1555 825 1639 867 cal-

64 884 202 941 lebat,
242 899 327 940 qua
363 885 496 927 verba
535 884 810 940 expenderet,
853 886 946 926 tum
982 883 1151 926 validus
1189 883 1388 926 sensibus
1427 886 1503 926 aut
1539 898 1638 927 con-

69 945 181 987 sulto
214 944 455 1000 ambiguus.
516 945 647 986 etiam
678 942 762 985 Gai
787 941 984 986 Caesaris
1008 943 1185 985 turbata
1210 957 1333 985 mens
1357 943 1447 986 vim
1472 943 1641 985 dicendi
1667 952 1711 984 15

469 1018 549 1045 nec
591 1004 637 1045 in
674 1001 874 1058 Claudio,
917 1002 1115 1057 quotiens
1154 1002 1363 1045 meditata
1401 1003 1643 1058 dissereret,

65 1018 154 1046 non
198 1004 400 1059 corrupit.

68 1063 330 1119 elegantiam
367 1063 620 1118 requireres.
680 1060 799 1104 Nero
836 1061 1075 1117 puerilibus
1111 1062 1259 1104 statim
1291 1062 1417 1104 annis
1447 1062 1642 1105 vividum

69 1123 262 1164 animum
293 1122 339 1163 in
371 1122 458 1164 alia
488 1121 684 1164 detorsit:
724 1122 901 1176 caelare,
934 1121 1127 1177 pingere,
1160 1123 1311 1163 cantus
1344 1125 1418 1164 aut
1447 1122 1643 1177 regimen

67 1195 274 1237 equorum
312 1195 525 1235 exercere3
569 1183 612 1223 et
652 1180 884 1236 aliquando
922 1180 1185 1223 carminibus
1221 1181 1462 1237 pangendis
1499 1181 1641 1224 inesse

67 1241 151 1283 sibi
182 1241 396 1283 elementa
427 1241 647 1283 doctrinae
679 1240 944 1282 ostendebat.

187 1299 386 1343 Ceterum
429 1300 618 1355 peractis
655 1299 858 1342 tristitiae
894 1298 1179 1341 imitamentis
1217 1299 1380 1342 curiam
1418 1298 1683 1355 ingressus4

115 1455 150 1487 3.
183 1452 392 1487 liberalium
423 1472 468 1478 —
502 1453 650 1488 artium.
701 1455 740 1497 5,
773 1455 818 1487 46

67 1500 178 1536 etiam
201 1499 246 1535 de
273 1498 432 1535 Claudio
456 1500 634 1545 ayitanti,
666 1500 764 1545 quod
787 1500 820 1534 is

68 1547 258 1592 conposita
295 1550 430 1590 aetate,
470 1547 648 1583 bonarum
682 1548 820 1583 artium

68 1595 219 1640 cupiens
250 1597 347 1639 erat,
386 1595 583 1631 imminuta
611 1606 711 1630 mens
742 1595 820 1630 eius

68 1642 217 1678 obstitit.
266 1642 317 1690 Er
349 1642 496 1678 schrieb
528 1642 728 1678 lateinisch
760 1642 820 1677 ein

68 1689 337 1726 b’andereiches
368 1689 487 1725 Werk
522 1691 616 1726 iiber
646 1690 706 1725 die
739 1690 821 1725 Zeit

69 1737 166 1773 nach
192 1735 346 1772 Caesars
372 1737 475 1781 Tod‚
493 1734 711 1783 'griechiseh
736 1737 818 1773 eine

70 1783 293 1820 Geschichte
322 1785 388 1820 der
417 1784 628 1830 Tyrrhener
652 1785 729 1820 und
754 1785 820 1820 der

67 1831 291 1877 Karthager.

115 1906 148 1939 4.
180 1913 300 1948 reyere
326 1902 422 1938 ohne
443 1901 593 1948 Objekt,
618 1902 690 1938 wie
708 1906 743 1947 4,
762 1907 818 1938 33.

67 1950 155 1986 bist.
169 1954 204 1993 2,
219 1953 263 1985 12
284 1950 475 1985 ambitioso
494 1950 647 1995 imperio
665 1950 818 1995 reyebat.

69 1997 157 2034 dial.
183 2001 228 2032 41
260 1997 303 2032 in
336 1998 544 2043 obsequium
574 1998 730 2043 reyentis
748 2008 819 2042 pa-

69 2048 180 2081 ratos.
240 2043 328 2080 Erst
369 2045 421 2080 im
459 2045 646 2081 silbernen
684 2044 819 2081 Latein

67 2093 143 2128 und
168 2091 230 2127 bei
255 2091 448 2138 Spateren.

116 2167 148 2199 7.
186 2163 305 2198 cultus
337 2161 504 2208 „aussere
537 2162 682 2207 Gffitte,
718 2163 816 2199 Poli-

67 2212 166 2247 tm·“.
197 2230 243 2236 -
273 2211 462 2256 ingenium
493 2221 691 2246 amoenum.
742 2210 819 2246 Der

69 2257 143 2294 Stil
174 2257 238 2293 des
265 2257 422 2303 Seneca,
454 2258 518 2293 der
551 2257 608 2294 bis
642 2270 706 2293 zur
737 2258 819 2293 Zeit

70 2306 135 2341 des
148 2304 359 2350 Vespasian
378 2304 528 2351 grossen
540 2305 698 2341 Einflul's
716 2307 817 2351 fibte‚

68 2351 350 2389 unterscheidet
390 2352 471 2387 sich
507 2364 580 2388 von
624 2353 709 2389 dem
753 2354 819 2389 der

67 2399 261 2437 Klassiker
299 2399 416 2434 durch
453 2400 683 2436 rhetorische
717 2401 818 2436 Kt'in-

69 2448 194 2492 stelei,
221 2447 432 2482 zahlreiche
457 2447 702 2493 Antithesen,
727 2447 818 2484 Sen-

67 2497 216 2539 teuzeu,
259 2494 435 2538 Pointen,
478 2494 700 2540 Metaphern
738 2496 817 2531 und

69 2542 186 2577 durch
203 2541 276 2577 den
287 2541 440 2587 Mangel
453 2552 502 2576 an
513 2542 816 2588 regelmassigem

68 2589 336 2626 Periodenbau.

116 2658 171 2691 12.
203 2654 383 2699 Aaqusto.
430 2653 570 2689 Sueton
599 2654 726 2690 n'ihmt
754 2655 815 2691 die

70 2701 238 2737 einfache
263 2701 340 2736 und
366 2701 461 2737 doch
483 2700 655 2746 elegante
673 2702 816 2738 Manier

71 2749 191 2785 seines
215 2749 429 2794 Vortrages.

120 2817 176 2849 14.
214 2814 411 2859 expendere
444 2815 657 2859 „erwagem
692 2813 815 2849 abwa-

71 2861 176 2905 gen“.
213 2861 287 2896 Cic.
308 2861 355 2897 de
375 2872 427 2897 or.
447 2865 481 2906 2,
503 2865 548 2896 76
571 2863 818 2907 (arywnenta)

70 2917 147 2942 non
176 2911 251 2943 tam
281 2919 474 2945 numerare
505 2909 598 2944 soleo
622 2919 731 2954 quam
756 2919 816 2944 ex-

886 1451 1054 1497 pendere.
1081 1471 1126 1476 —-
1151 1450 1316 1491 sensibus
1341 1452 1435 1487 statt
1455 1452 1642 1487 sententiis

893 1498 1158 1544 ‚‚Gedanken“.

942 1561 998 1593 15.
1030 1558 1182 1593 twrbata
1212 1568 1320 1592 mens.
1373 1556 1449 1593 Das
1480 1558 1640 1604 hastige,

893 1607 986 1642 stete
1006 1605 1223 1652 aufgeregte
1236 1605 1372 1640 Wesen
1391 1605 1455 1641 des
1469 1605 1641 1651 Caligula

891 1654 969 1689 und
1001 1653 1101 1689 seine
1133 1651 1422 1698 widersinnigen
1447 1652 1641 1689 Handlun-

893 1712 966 1747 gen
992 1702 1151 1747 zeugten
1174 1711 1249 1736 von
1268 1700 1480 1745 partiellem
1499 1701 1640 1736 Wahn-

893 1749 986 1784 sinn.
1021 1769 1066 1775 —-
1099 1749 1208 1784 etiam
1233 1768 1278 1773 -
1304 1758 1379 1784 non
1406 1749 1501 1784 statt
1524 1759 1570 1784 ne
1595 1769 1639 1775 -

891 1797 1054 1841 quidem,
1080 1795 1175 1830 auch
1201 1799 1257 1840 16,
1286 1799 1330 1830 22
1357 1796 1512 1831 etiamne
1536 1797 1640 1832 lucti-

894 1844 961 1879 bus
986 1847 1019 1878 et
1044 1842 1230 1878 doloribus
1254 1853 1330 1878 non
1353 1842 1542 1879 satiatur?
1591 1843 1639 1879 So

892 1891 955 1925 bei
974 1889 1102 1925 Cicero
1127 1889 1206 1924 und
1227 1889 1361 1925 Caesar
1384 1902 1498 1935 neque
1520 1891 1639 1926 etiam.

892 1937 981 1983 Vgl.
1006 1948 1144 1983 quoque
1167 1947 1243 1972 non
1268 1941 1307 1982 3,
1333 1940 1388 1972 54.
1424 1941 1479 1981 14,
1510 1942 1568 1975 21.
1593 1957 1640 1964 —

893 1975 993 2020 Uber
1036 1985 1199 2030 quotiens
1236 1984 1306 2019 mit
1342 1984 1428 2019 dem
1464 1985 1573 2031 Konj.
1611 1997 1638 2020 s.

892 2032 987 2068 Einl.
1014 2036 1044 2075 ξ.
1065 2035 1121 2068 88.

942 2095 997 2127 16.
1029 2091 1204 2126 meditata
1227 2090 1437 2136 passivisch
1460 2091 1531 2127 wie
1551 2095 1585 2137 3,
1605 2095 1638 2127 5.

894 2142 954 2183 14,
984 2142 1002 2173 1
1035 2138 1111 2174 und
1136 2138 1249 2183 ofter3
1282 2139 1397 2175 sehon
1421 2138 1483 2174 bei
1510 2138 1638 2175 Cicero

891 2186 997 2222 nicht
1021 2186 1150 2222 selten.

941 2244 995 2276 17.
1027 2240 1172 2275 vividus
1202 2238 1274 2275 wie
1302 2239 1373 2285 ΚΡ.
1399 2243 1444 2275 42
1477 2240 1640 2276 vividam

891 2291 925 2323 et
961 2288 1214 2333 incorruptam
1250 2288 1501 2332 eloquentiam.
1562 2287 1638 2324 Das

890 2334 1000 2370 Wort
1022 2334 1075 2370 ist
1099 2334 1336 2380 dichterisch,
1366 2335 1406 2370 in
1431 2335 1497 2370 der
1520 2335 1639 2371 Prosa

892 2383 968 2417 erst
1000 2382 1071 2418 seit
1095 2381 1222 2418 Livius
1247 2386 1288 2427 2,
1314 2385 1359 2417 48
1390 2383 1555 2418 vividum
1579 2383 1638 2418 in-

890 2431 1046 2476 qenium.
1074 2450 1119 2456 —
1145 2430 1304 2466 detorsit.
1344 2428 1417 2465 Cic.
1444 2429 1504 2465 off.
1531 2433 1565 2475 2,
1594 2434 1639 2465 10

890 2478 1093 2522 voluptates
1106 2497 1150 2503 —-
1164 2478 1307 2512 animos
1326 2488 1350 2512 a
1368 2477 1500 2512 virtute
1519 2477 1638 2512 detor-

888 2528 1006 2570 quent.

938 2581 992 2612 19.
1027 2577 1261 2612 carminibus.
1306 2575 1374 2611 Die
1393 2576 1524 2611 Poesie
1542 2576 1636 2612 wird

888 2624 1061 2670 geringer
1092 2623 1286 2669 geschatzt
1314 2623 1369 2658 als
1394 2623 1636 2670 Philosophie

887 2672 963 2706 und
988 2670 1281 2707 Beredsamkeit.

938 2765 976 2802 4.
1005 2770 1036 2801 1.
1055 2766 1296 2809 imitamenta,
1311 2765 1406 2800 auch
1422 2767 1477 2808 14,
1492 2768 1536 2800 57
1546 2769 1635 2800 vete-

890 2824 972 2849 rum
996 2813 1247 2849 Romanorum
1277 2813 1505 2848 imitamenta
1525 2823 1635 2858 prae-

889 2860 994 2905 ferre.
1040 2865 1072 2904 3,
1100 2864 1133 2897 5.
1177 2860 1305 2896 Zuerst
1334 2859 1395 2895 bei
1426 2859 1510 2895 dem
1543 2860 1634 2896 alte-

890 2919 956 2944 ren
982 2908 1133 2944 Seneca.
