1786 3094
582 95 728 132 LIBER
752 95 780 131 1.
833 93 936 132 CAP.
958 97 1111 131 63—65.
1574 95 1631 138 83

62 209 184 251 locus
208 207 372 263 uligine
402 204 629 262 profunda,
658 203 774 245 idem
805 202 859 246 ad
890 201 1073 258 gradum
1103 201 1336 254 instabilis,
1365 202 1630 257 procedenti-

63 267 145 310 bus
177 265 385 320 lubricus,
408 277 606 320 ,corpora
643 262 812 318 gravia>
830 262 996 316 loricis;
1035 275 1174 317 neque
1206 261 1368 303 librare
1398 261 1488 316 pila
1518 261 1630 304 inter
1655 273 1678 305 5

62 325 202 368 undas
233 325 446 380 poterant.
495 324 647 365 contra
678 320 908 364 Cheruscis
940 322 1076 363 sueta·
1096 321 1212 375 apud
1242 319 1421 376 paludes
1452 321 1631 376 proelia,

62 398 241 440 procera
270 381 478 437 membra,
509 381 660 423 hastae
691 380 892 436 ingentes
924 379 978 422 ad
1009 379 1190 422 vulnera
1214 378 1410 421 facienda
1435 380 1630 435 quamvis

62 442 226 499 procul.
273 456 360 484 nox
392 441 564 483 demum
594 439 845 482 inclinantis
878 439 966 481 iam
997 439 1192 495 legiones
1225 439 1430 481 adversae
1462 453 1631 495 pugnae

62 502 233 544 exemit.
277 499 484 542 Germani
504 499 559 542 ob
585 512 792 554 prospera
817 497 1035 553 indefessi,
1059 512 1113 540 ne
1138 500 1232 540 tum
1258 497 1430 553 quidem
1457 502 1632 553 sumpta

61 561 217 616 quiete,
249 565 459 615 quantum
490 571 699 613 aquarum
731 556 893 599 circum
925 556 1201 612 surgentibus
1231 556 1347 613 iugis
1374 556 1512 599 oritur
1537 571 1630 600 ver·
1658 569 1703 603 1ο

59 622 150 662 tere
192 618 241 661 in
282 618 495 670 subiecta,
538 630 764 671 mersaque
806 616 940 658 humo
986 618 1030 658 et
1074 616 1230 658 obruto
1275 615 1389 671 quod
1434 616 1632 659 effectum

60 677 202 734 operis
234 677 479 733 duplicatus
512 675 643 718 militi
674 675 809 718 labor.
858 675 1271 731 quadragensimum
1295 674 1340 716 id
1366 674 1631 730 stipendium

61 735 245 780 Caecina
284 735 464 791 parendi
503 737 578 777 aut
614 734 893 789 imperitandi
929 734 1135 787 habebat,
1175 733 1460 776 secundarum
1497 735 1632 776 ambi-

60 809 325 852 guarumque
350 809 495 836 rerum
522 794 662 836 sciens
689 807 822 848 eoque
846 793 1084 836 interritus.
1127 793 1263 848 igitur
1287 792 1433 835 futura
1451 794 1629 836 volvens

58 869 147 897 non
186 854 304 896 aliud
344 853 536 909 repperit
577 867 706 909 quam
745 855 795 894 ut
833 851 1006 894 hostem
1038 847 1174 894 'silvis
1219 854 1452 907 coerceret,
1497 853 1630 895 donec
1658 864 1701 897 15

57 913 191 956 saucii
236 915 531 969 quantumque
575 911 789 968 gravioris
835 911 1022 967 agminis
1065 911 1300 966 anteirent3
1343 926 1446 953 nam
1486 911 1628 954 medio

60 972 275 1015 montium
296 974 340 1014 et
363 971 570 1026 paludum
595 971 900 1026 porrigebatur
925 970 1140 1025 planities,
1166 984 1276 1026 quae
1301 972 1475 1012 tenuem
1495 971 1630 1014 aciem

55 1034 292 1087 pateretur.
341 1030 591 1086 deliguntur
622 1030 819 1085 legiones
851 1029 1000 1085 quinta
1033 1029 1183 1071 dextro
1214 1029 1354 1082 lateri,
1384 1030 1630 1072 unetvicen-

57 1090 168 1133 sima
206 1091 252 1132 in
289 1090 478 1144 laevum,
515 1089 703 1144 primani
742 1088 980 1131 ducendum
1011 1087 1067 1130 ad
1105 1102 1279 1144 agmen,
1310 1088 1628 1132 vicensimanus

56 1149 284 1192 adversum
317 1151 553 1191 secuturos.
1651 1160 1698 1192 20

174 1207 275 1250 Nox
306 1222 383 1262 per
414 1207 585 1250 diversa
615 1206 798 1262 inquies,
829 1221 927 1249 eum
958 1206 1134 1248 barbari
1164 1206 1290 1248 festis
1323 1206 1478 1261 epulis,
1510 1207 1624 1250 laeto
1641 1208 1699 1252 65

58 1269 187 1309 cantu
228 1269 304 1309 aut
341 1266 452 1308 truci
492 1280 647 1309 sonore
685 1265 878 1308 subiecta
909 1265 1092 1307 vallium
1123 1279 1173 1307 ac
1203 1265 1455 1307 resultantis
1487 1265 1627 1308 saltus

56 1325 341 1381 complerent,
379 1325 493 1380 apud
529 1325 750 1368 Romanos
787 1323 970 1367 invalidi
1000 1324 1144 1380 ignes,
1186 1323 1456 1380 interruptae
1487 1339 1627 1380 voces,

57 1387 185 1439 atque
209 1384 295 1440 ipsi
321 1384 486 1439 passim
512 1383 756 1426 adiacerent
781 1383 909 1438 vallo,
942 1383 1193 1425 oberrarent
1216 1383 1433 1437 tentoriis,
1464 1383 1628 1427 insom-

55 1458 131 1486 nes
163 1443 304 1498 magis
337 1458 468 1498 quam
498 1443 743 1498 pervigiles.
791 1442 1029 1497 ducemque
1053 1442 1209 1484 terruit
1235 1442 1328 1484 dira
1354 1442 1493 1498 quies:
1524 1458 1627 1485 nam
1652 1454 1674 1487 5

57 1501 317 1552 Quintilium
359 1502 523 1545 Varum
569 1502 777 1558 sanguine
822 1501 1008 1544 oblitum
1052 1504 1095 1543 et
1137 1502 1369 1556 paludibus
1413 1517 1628 1544 emersum

57 1575 231 1604 cernere
264 1564 308 1603 et
345 1561 494 1604 audire
525 1561 644 1603 visus
677 1563 745 1604 est
774 1561 893 1603 velut
923 1563 1168 1616 vocantem,
1204 1575 1294 1604 non
1330 1563 1477 1604 tamen
1509 1561 1628 1603 obse-

57 1622 180 1663 cutus
219 1622 264 1663 et
302 1635 456 1662 manus
495 1620 791 1662 intendentem
828 1620 1081 1675 reppulisse.
1144 1623 1298 1676 coepta
1334 1620 1429 1663 luce
1469 1620 1627 1663 missae

55 1679 103 1722 in
128 1680 266 1722 latera
290 1679 502 1735 legiones,
527 1682 646 1722 metu
672 1695 728 1722 an
753 1679 1037 1734 contumacia,
1063 1679 1205 1721 locum
1230 1680 1466 1732 deseruere,
1498 1682 1626 1734 capto

54 1753 238 1794 propere
271 1753 423 1795 eampo
456 1739 651 1781 umentia
681 1739 808 1781 ultra.
870 1752 1009 1793 neque
1041 1739 1187 1780 tamen
1219 1738 1444 1781 Arminius
1477 1753 1625 1794 quam·
1653 1751 1697 1783 10

57 1811 186 1852 quam
224 1797 361 1840 libero
404 1798 582 1840 incursu
621 1797 771 1840 statim
810 1797 1028 1852 prorupit:
1074 1796 1150 1839 sed
1186 1800 1236 1840 ut
1272 1798 1450 1840 haesere
1490 1812 1623 1840 caeno

55 1855 271 1911 fossisque
301 1856 654 1912 impendimenta,
684 1857 848 1899 turbati
874 1856 1033 1898 circum
1060 1856 1234 1912 milites,
1265 1857 1454 1900 incertus
1481 1857 1626 1913 signo-

102 1974 136 2008 4.
162 1971 212 2007 ad
229 1972 398 2016 yradum.
418 1971 503 2017 Vgl.
519 1971 607 2006 hist.
622 1975 656 2015 2,
671 1974 716 2007 35
730 1975 804 2007 sta-
872 1972 1035 2017 pervigil
1054 1971 1136 2007 sind
1157 1972 1232 2007 alle
1250 1972 1516 2017 ursprfinglich
1538 1983 1626 2018 poe-

57 2018 125 2054 bili
147 2018 279 2064 gradu.
314 2017 393 2054 Liv.
415 2023 450 2063 6,
472 2021 515 2053 12
534 2019 661 2054 stabili
683 2019 805 2065 yradw
875 2018 982 2054 tisch.

55 2065 230 2110 impetum
254 2066 410 2101 hostium
436 2066 607 2110 excipere.
634 2070 667 2111 2,
684 2069 727 2101 10
746 2067 803 2101 in·
926 2069 959 2100 3.
990 2063 1125 2102 Hinter
1154 2076 1256 2102 voces
1286 2066 1337 2102 ist
1361 2069 1476 2103 essent
1499 2079 1546 2102 zu
1570 2077 1626 2102 er-

55 2113 156 2158 9enti
178 2113 299 2158 ‚qv-adu
321 2116 466 2158 pontem
490 2113 658 2149 obtinere.
878 2116 1031 2159 ganzen.

106 2162 160 2195 14.
190 2160 305 2195 sciens
323 2160 394 2195 mit
413 2159 498 2195 dem
512 2159 668 2196 Genetiv
688 2160 804 2196 schon
927 2163 958 2195 6.
983 2170 1155 2206 emeryere
1173 2159 1244 2195 mit
1256 2160 1342 2196 Abl.
1356 2161 1454 2197 nach
1468 2160 1623 2206 Sallust3

3 2246 7 2248 v
55 2205 118 2242 bei
143 2205 284 2252 Cicero,
311 2206 464 2252 Sallust,
490 2206 665 2252 Vellejus.

106 2269 162 2302 14.
197 2266 334 2301 volvere
371 2265 466 2301 statt
501 2269 615 2301 mente
651 2266 805 2311 ayitare,

58 2311 126 2348 wie
150 2316 184 2358 3,
209 2316 254 2348 38
280 2313 411 2348 bellum
443 2313 617 2348 adversus
641 2323 706 2348 nos
730 2314 804 2348 vol—

56 2363 165 2396 verat.
209 2359 296 2395 hist.
326 2363 362 2403 1,
390 2363 435 2395 64
467 2361 598 2396 bellum
630 2361 804 2404 volvebat,

56 2406 132 2442 und
157 2406 263 2451 oster,
288 2407 386 2442 nach
406 2406 547 2443 Sallust
571 2408 647 2442 und
665 2407 803 2443 Livius.

5 2499 10 2502 Ι
56 2452 202 2490 Ebenso
226 2454 403 2498 volutare,
428 2466 454 2490 s.
475 2466 519 2489 zu
544 2465 601 2500 cp.
622 2458 679 2491 36.

108 2515 162 2550 18.
205 2513 419 2558 deziywntur
452 2517 512 2549 σει.
575 2512 617 2548 In
660 2512 802 2548 diesem

59 2556 167 2595 Satze
202 2560 253 2595 ist
298 2560 364 2595 der
400 2560 578 2595 Wechsel
619 2559 803 2595 zwischen

58 2604 175 2642 Kasus
209 2606 289 2642 und
323 2606 562 2652 Praposition
606 2607 802 2643 charakte-

5 2668 7 2670 ·
57 2651 215 2690 ristisch.

105 2709 169 2747 65.
195 2715 226 2748 1.
251 2713 393 2758 inquies
415 2713 477 2749 bei
496 2713 637 2749 Sallust
654 2713 732 2748 und
750 2713 802 2749 im

60 2756 141 2794 silb.
162 2758 304 2796 Latein.

105 2820 138 2854 2.
174 2817 243 2854 Die
262 2818 429 2855 ·W6rter
464 2829 591 2863 eonor,
627 2820 803 2856 resultare

60 2863 135 2899 und
175 2864 228 2900 im
264 2866 479 2912 Folgenden
516 2867 683 2903 oberrare
724 2867 801 2902 und

877 2206 941 2242 bei
966 2206 1039 2242 Cic.
1066 2208 1142 2243 und
1166 2207 1294 2244 Livius
1319 2207 1390 2243 mit
1414 2219 1470 2244 ex.

924 2257 957 2289 8.
983 2255 1168 2291 intendere
1186 2255 1352 2291 drohend
1372 2255 1625 2301 ausstrecken,

876 2302 973 2337 auch
998 2301 1189 2339 intentare.
1211 2323 1254 2328 ——
1275 2306 1401 2348 coepta
1420 2303 1513 2338 statt
1531 2305 1624 2348 orta,

875 2348 946 2384 wie
976 2347 1016 2383 in
1047 2349 1119 2385 den
1145 2350 1315 2385 Annalen
1346 2351 1442 2386 auch
1469 2351 1626 2386 verbun-

877 2396 949 2431 den
968 2395 1061 2431 wird
1080 2400 1182 2433 nocte
1206 2400 1343 2442 coepta,
1368 2401 1512 2442 coeptus
1536 2397 1624 2441 dies,

877 2446 1001 2488 coepta
1024 2443 1146 2480 hieme.
1198 2444 1352 2480 Scheint
1375 2443 1599 2480 Taciteisch.

925 2495 957 2526 9.
983 2482 1085 2526 Uber
1109 2502 1162 2527 an
1187 2503 1215 2526 s.
1235 2502 1279 2526 zu
1305 2503 1361 2536 cp.
1384 2495 1439 2526 13.

927 2540 982 2572 10.
1014 2538 1116 2573 ultra
1140 2538 1179 2573 in
1204 2537 1453 2584 Anastrophe,
1480 2550 1506 2573 s.
1527 2536 1624 2574 Einl.

877 2587 909 2626 §-
932 2588 1011 2628 116,
1031 2596 1065 2620 a.

926 2635 981 2668 11.
1018 2632 1163 2667 haerere
1187 2632 1257 2667 mit
1280 2631 1365 2667 Abl.
1392 2633 1487 2667 statt
1510 2632 1552 2667 in
1576 2631 1626 2667 ist

876 2677 1123 2722 dichterisch,
1148 2679 1245 2714 auch
1272 2682 1304 2722 4,
1328 2683 1370 2714 19
1396 2679 1623 2715 criminibus.

875 2725 959 2760 hist.
983 2730 1021 2770 1,
1041 2730 1086 2761 47
1113 2726 1247 2762 animo.
1292 2725 1439 2761 Ebenso
1463 2725 1516 2760 im
1540 2726 1623 2762 Fol-

875 2773 1020 2817 genden
1063 2773 1129 2819 ἦρί
1166 2774 1296 2809 limosa
1337 2774 1463 2817 humo,
1505 2773 1624 2809 woffir

874 2820 1086 2865 regelrecht
1121 2825 1159 2866 3,
1194 2824 1238 2856 63
1276 2822 1368 2866 ipsis
1404 2821 1447 2857 in
1482 2821 1624 2867 templis

872 2868 979 2913 fiqere
1003 2878 1100 2904 aera.

1288 2927 1337 2963 6*
