1794 3126
190 130 276 172 228
618 129 849 165 CORNELII
874 129 1038 166 TACITI
1062 129 1321 167 ANNALIUM

186 238 304 281 fama
335 241 379 281 et
409 239 589 282 civicam
621 252 824 281 coronam
853 239 967 294 apud
991 238 1266 282 Britanniam
1290 240 1482 295 meritus,
1513 241 1683 298 ingenti
1705 242 1749 285 υἱ

140 311 161 342 5
188 299 379 354 corporis
411 311 712 353 armorumque
744 298 922 340 scientia
953 300 1116 341 metum
1147 298 1311 341 Neroni
1341 299 1515 355 fecerat,
1544 314 1598 343 ne
1627 300 1748 344 inva-

187 357 306 400 deret
336 358 539 413 pavidum
570 371 739 411 semper
770 358 813 399 et
836 360 1009 412 reperta
1031 372 1169 413 nuper
1194 358 1489 402 coniuratione
1512 359 1653 416 magis
1679 374 1748 403 ex-

185 416 396 460 territum.
457 417 590 472 igitur
620 416 832 470 centurio,
866 416 942 458 ubi
971 417 1130 473 effugia
1161 417 1290 460 villae
1321 418 1493 474 clausit,
1523 419 1643 461 iussa
1670 419 1749 462 im-

186 476 396 531 peratoris
418 475 591 518 Ostorio
612 475 763 529 aperit.
808 474 846 517 is
870 474 1168 518 fortitudinem
1196 491 1322 532 saepe
1350 477 1575 520 adversum
1598 477 1748 521 hostes

187 537 425 590 spectatam
461 535 508 576 in
544 549 589 576 se
626 534 774 576 vertit:
812 535 855 575 et
894 534 995 589 quia
1028 549 1160 577 venae
1193 549 1453 592 quamquam
1483 537 1749 592 interruptae

118 607 160 638 10
185 609 339 649 parum
380 593 604 649 sanguinis
643 592 937 647 effundebant,
979 593 1186 636 hactenus
1223 610 1354 637 manu
1391 595 1502 638 servi
1537 610 1659 652 usus,
1700 598 1750 639 ut

184 654 396 695 inmotum
414 651 650 708 pugionem
673 652 912 707 extolleret,
939 651 1155 707 adpressit
1179 654 1372 697 dextram
1397 655 1489 697 eius
1515 655 1749 711 iuguloque

187 712 384 755 occurrit.

117 774 170 815 16
302 770 451 813 Etiam
483 770 520 812 si
556 770 672 812 bella
711 772 889 812 externa
926 773 968 812 et
1005 770 1146 813 obitas
1183 785 1260 826 pro
1297 786 1343 813 re
1379 773 1551 827 publica
1586 775 1748 816 mortes

183 832 306 873 tanta
348 844 525 873 casuum
569 829 848 871 similitudine
892 843 1195 885 memorarem,
1237 844 1390 886 meque
1432 832 1573 887 ipsum
1614 832 1748 876 satias

184 890 369 945 cepisset
411 889 676 944 aliorumque
718 888 909 931 taedium
951 890 1261 944 exspectarem,
1304 890 1500 945 quamvis
1539 891 1747 935 honestos

184 949 340 991 civium
383 949 541 1003 exitus,
584 948 731 990 tristes
774 950 923 990 tamen
966 950 1009 990 et
1049 948 1276 991 continuos
1314 951 1658 1004 aspernantium:
1702 953 1749 994 at

137 1020 158 1052 5
183 1022 297 1051 nunc
328 1008 540 1064 patientia
571 1007 737 1050 servilis
768 1009 1025 1063 tantumque
1055 1007 1276 1063 sanguinis
1305 1007 1421 1050 domi
1445 1008 1662 1064 perditum
1683 1009 1750 1052 fa·

182 1067 327 1123 tigant
365 1067 556 1109 animum
593 1069 637 1108 et
673 1066 889 1108 maestitia
923 1066 1202 1122 restringunt.
1262 1081 1402 1126 neque
1442 1068 1572 1110 aliam
1605 1068 1747 1112 defen-

185 1127 349 1170 sionem
375 1126 428 1169 ab
454 1127 507 1168 iis
534 1125 689 1182 quibus
714 1125 801 1168 ista
827 1128 1061 1168 noscentur
1087 1126 1314 1182 exegerim,
1346 1141 1475 1182 quam
1500 1141 1555 1169 ne
1580 1127 1749 1171 oderint

181 1188 273 1228 tam
317 1186 507 1241 segniter
549 1184 788 1240 pereuntes.
856 1185 922 1227 ira
962 1185 1038 1227 illa
1073 1186 1300 1227 numinum
1337 1187 1383 1228 in
1419 1200 1487 1229 res
1524 1186 1745 1230 Romanas

181 1245 283 1301 fuit,
314 1260 444 1301 quam
475 1259 581 1299 non,
615 1246 665 1287 ut
695 1244 742 1286 in
772 1244 966 1287 cladibus
996 1244 1261 1287 exercituum
1292 1247 1367 1287 aut
1398 1245 1647 1300 captivitate
1677 1261 1746 1289 ur-

114 1316 158 1348 10
183 1304 315 1359 bium,
347 1304 481 1347 semel
513 1304 627 1346 edito
658 1303 844 1346 transire
869 1303 981 1346 licet.
1029 1303 1152 1346 detur
1176 1303 1259 1346 hoc
1284 1304 1532 1347 inlustrium
1556 1305 1748 1348 virorum

182 1363 441 1419 posteritati,
472 1365 522 1405 ut
553 1377 636 1418 quo
668 1363 795 1405 modo
828 1363 1039 1419 exsequiis
1072 1377 1098 1405 a
1128 1363 1344 1418 promisca
1375 1364 1595 1419 sepultura
1626 1378 1747 1420 sepa-

182 1425 345 1478 rantur,
375 1423 438 1465 ita
467 1423 509 1465 in
539 1422 770 1465 traditione
797 1436 1093 1477 supremorum
1119 1422 1333 1477 accipiant
1355 1422 1626 1479 habeantque
1650 1438 1747 1479 pro-

180 1482 319 1537 priam
351 1482 619 1525 memoriam.

114 1543 167 1585 17
300 1541 466 1584 Paucos
510 1542 666 1596 quippe
708 1541 821 1583 intra
857 1540 947 1583 dies
985 1540 1133 1583 eodem
1172 1541 1345 1596 agmine
1383 1541 1585 1584 Annaeus
1622 1541 1748 1597 Mela,

183 1598 362 1643 Cerialis
388 1600 580 1654 Anicius,
611 1599 787 1642 Rufrius
814 1598 1049 1655 Crispinus,
1076 1599 1124 1641 T.
1149 1599 1377 1642 Petronius
1405 1601 1604 1656 cecidere,
1629 1600 1746 1643 Mela

182 1662 226 1701 et
245 1658 468 1714 Crispinus
495 1659 658 1714 equites
676 1659 863 1701 Romani
888 1659 1099 1715 dignitate
1126 1659 1355 1701 senatoria.
1396 1673 1499 1702 nam
1522 1660 1593 1702 hic
1612 1674 1745 1716 quon-

183 1718 281 1760 dam
312 1718 555 1773 praefectus
586 1718 794 1773 praetorii
820 1721 863 1760 et
887 1717 1190 1760 consularibus
1217 1718 1458 1774 insignibus
1485 1719 1669 1762 donatus
1695 1734 1745 1762 ac

230 1827 262 1859 4.
293 1824 445 1859 civicam
470 1833 652 1867 cornuam,
678 1823 773 1858 nach
801 1826 855 1866 12,
882 1826 925 1857 31
999 1826 1131 1866 stram,
1163 1833 1234 1858 esse
1263 1823 1446 1858 ultionem.
1495 1822 1582 1869 Vgl.
1607 1823 1745 1860 Lucan.

182 1882 256 1916 qua
275 1881 407 1916 puqna
430 1871 531 1915 filius
551 1871 660 1916 leyati
680 1870 737 1905 M.
762 1869 929 1905 Ostorius
1000 1874 1034 1915 4,
1054 1873 1124 1905 808
1148 1870 1182 1905 si
1208 1870 1385 1905 libertatis
1408 1871 1551 1915 superis
1569 1874 1643 1906 tam
1656 1881 1747 1907 ewra

179 1919 315 1954 servati
340 1919 429 1953 civis
454 1919 561 1954 decus
583 1918 725 1953 meruit.
997 1918 1164 1963 placeret,
1182 1928 1292 1963 quam
1315 1918 1481 1953 vindicta
1499 1918 1631 1963 placet.

229 1969 260 2001 7.
294 1957 394 2001 Uber
425 1965 496 2001 den
515 1964 644 2000 Plural
668 1965 806 2010 effuqia
831 1977 857 2001 s,
885 1977 929 1999 zu
1050 1969 1105 2000 10.
1142 1965 1246 2000 semel
1278 1965 1373 2001 edito
1404 1964 1498 2009 „mit
1527 1964 1747 2011 einmaliger

182 2016 237 2056 15,
264 2017 320 2048 63.
1000 2012 1274 2058 Erwahnung“.
1333 2012 1427 2048 edito
1463 2012 1520 2048 als
1557 2012 1747 2050 absolutor

848 2097 855 2104 ,
1000 2057 1153 2095 Ablativ
1178 2060 1229 2095 ist
1253 2055 1318 2095 ἅπ.
1346 2058 1412 2105 εἰρ.

229 2107 293 2143 16.
320 2111 352 2143 2.
371 2117 494 2153 meque
507 2127 551 2132 —
566 2107 801 2152 aliorumque.
830 2097 931 2142 Uber
1052 2111 1106 2143 11.
1148 2107 1356 2151 posteritati
1382 2106 1507 2150 ·,‚dem
1538 2106 1747 2143 Andenken

181 2154 280 2190 diese
307 2155 384 2190 erst
407 2154 446 2190 in
472 2155 544 2190 den
562 2154 733 2190 Annalen
758 2153 929 2190 vorkom-
1000 2154 1062 2190 bei
1098 2154 1164 2189 der
1199 2154 1235 2189 N
1237 2154 1433 2198 achwelt“,
1470 2154 1552 2190 eine
1585 2154 1746 2201 Brachy-

180 2202 313 2237 mende
337 2202 529 2247 poetische
554 2201 665 2237 Form
691 2202 757 2237 der
775 2200 929 2237 Koordi-
1001 2201 1111 2247 logie.
1195 2238 1202 2247 ‚

179 2249 310 2285 nation
335 2261 361 2284 s.
389 2261 433 2284 zu
458 2253 491 2293 2,
517 2253 550 2284 3.
1049 2249 1112 2285 17.
1136 2252 1168 2284 1.
1189 2239 1289 2284 Uber
1307 2249 1441 2294 quippe
1459 2248 1499 2284 in
1511 2249 1746 2295 Anastrophe

228 2301 260 2333 6.
287 2297 502 2341 restringere
527 2296 737 2342 ‚‚beengen‚
762 2295 929 2332 beklem-
1002 2308 1029 2332 s.
1055 2309 1099 2331 zu
1124 2300 1156 2340 2,
1185 2299 1229 2330 15
1260 2296 1408 2331 classem
1437 2296 1570 2342 quippe
1598 2299 1632 2332 et
1658 2297 1746 2333 avia

178 2345 298 2379 men“.
331 2343 373 2378 In
393 2343 531 2379 diesem
546 2343 659 2379 Sinne
673 2343 927 2388 ungebr'auch-
1005 2343 1141 2379 Oceani
1165 2344 1340 2388 quaesita.

178 2391 266 2427 lich.
1047 2395 1079 2426 2.
1117 2389 1314 2426 Petronius
1350 2390 1402 2426 ist
1437 2389 1745 2427 wahrscheinlich

229 2442 261 2473 7.
293 2438 437 2474 oderint
462 2438 554 2473 statt
579 2438 644 2473 des
669 2437 926 2474 handschriftl.
999 2437 1184 2482 derselbe,
1216 2448 1289 2473 von
1318 2438 1499 2474 welchem
1525 2439 1635 2474 unter
1658 2437 1744 2474 dem

179 2486 327 2521 oderim.
366 2486 441 2521 Der
462 2485 553 2520 Sinn
574 2484 640 2529 ist:
669 2485 733 2520 Ich
752 2485 927 2530 vei-lange
1000 2485 1100 2520 Titel
1132 2485 1328 2531 Satyrieou
1359 2485 1466 2529 (statt
1501 2489 1630 2521 satura
1661 2485 1743 2521 Me-

178 2533 295 2577 nicht,
321 2533 404 2568 dass
424 2532 483 2568 die
502 2533 615 2568 Leser
630 2532 718 2578 jene
737 2531 926 2579 Unglu’ck-
998 2533 1148 2578 uippea)
1163 2532 1416 2568 Bruchsffioke
1435 2532 1536 2568 eines
1549 2543 1615 2568 aus
1628 2531 1744 2569 Prosa

178 2579 304 2615 lichen
316 2580 553 2624 bewundern,
574 2580 734 2615 sondern
745 2591 827 2624 nur,
847 2578 926 2614 dass
999 2581 1074 2615 und
1112 2579 1252 2615 Versen
1295 2579 1543 2616 bestehenden
1579 2578 1743 2616 Romans

179 2627 235 2662 sie
279 2627 468 2663 dieselben
510 2627 616 2662 nicht
652 2627 786 2662 hassen
824 2627 928 2672 (oder
997 2627 1213 2664 vorhanden
1239 2625 1332 2663 sind.

178 2673 406 2719 verachten).
457 2674 574 2709 Darin
599 2674 694 2719 liegt
719 2674 925 2712 dann.eine
1046 2679 1078 2710 3.
1104 2674 1283 2719 diyuitate
1301 2674 1498 2718 senatoria,
1518 2673 1596 2708 also
1612 2684 1742 2710 waren

178 2721 452 2768 Verteidigung
489 2722 580 2757 oder
613 2721 925 2767 Rechtfertigung
998 2721 1050 2757 sie
1083 2722 1215 2768 equites
1244 2721 1432 2764 inlustres,
1462 2719 1533 2756 mit
1562 2720 1741 2757 senatori-

178 2769 366 2814 (defeusio)
393 2769 457 2804 des
483 2768 701 2805 Verfassers.
998 2769 1123 2804 schem
1149 2768 1297 2804 Census.

226 2819 258 2851 8.
293 2817 353 2851 ira
377 2817 446 2852 illa
469 2817 662 2852 numinum
686 2815 737 2851 ist
760 2815 800 2850 in
825 2815 925 2851 dem·
1044 2820 1077 2852 4.
1126 2816 1333 2861 praefectus
1377 2814 1575 2860 praetorii,
1633 2815 1742 2852 anter

179 2862 306 2898 selben
333 2862 445 2899 Sinne
477 2864 612 2909 gesagt
634 2864 705 2899 wie
730 2862 816 2897 hist.
846 2867 876 2907 1,
903 2867 923 2898 3
998 2863 1193 2904 Claudius,
1221 2863 1311 2898 aber
1334 2862 1386 2897 im
1409 2862 1441 2897 J.
1469 2865 1512 2897 51
1540 2862 1741 2908 abgesetzt,

179 2920 253 2946 nou
279 2920 349 2946 esse
377 2921 487 2946 curae
511 2912 586 2946 deis
610 2911 836 2946 securitatem
861 2919 923 2946 uo·
997 2910 1141 2947 worauf
1175 2909 1312 2945 Burrus
1352 2909 1431 2944 sein
1467 2908 1557 2944 Amt
1594 2909 1739 2946 erhielt.
