1820 3100
597 83 744 119 LIBER
766 82 831 120 111.
870 82 974 120 CAP.
994 86 1146 120 ⁵5-5e.
1579 85 1666 128 183

101 192 389 235 offensionum
427 191 608 234 avidum.
671 205 778 245 quas
815 204 912 232 cum
949 204 1102 246 graves
1134 193 1179 233 et
1209 191 1463 247 plerumque
1494 192 1666 248 iniquas

99 265 179 305 pro
215 266 262 293 re
298 250 472 306 publica
509 249 762 304 suscipiam,
804 249 955 292 inanes
993 251 1038 292 et
1073 249 1228 292 inritas
1266 264 1405 306 neque
1443 250 1551 293 mihi
1592 253 1668 294 aut

100 310 225 352 vobis
257 310 356 351 usui
386 309 556 351 futuras
587 308 679 350 iure
710 307 942 363 deprecor?

231 367 403 410 Auditis
452 366 649 410 Caesaris
698 367 856 408 litteris
904 367 1085 408 remissa
1135 366 1346 409 aedilibus
1394 367 1497 409 talis
1548 368 1740 424 cura355

99 427 310 482 luxusque
342 440 533 480 mensae,
572 440 597 467 a
627 426 712 466 fine
745 424 912 467 Actiaci
949 425 1054 467 belli
1091 425 1145 467 ad
1183 439 1233 467 ea
1271 441 1409 481 arma,
1446 425 1542 481 quis
1574 425 1670 469 Ser·-

101 485 196 528 vius
241 485 381 527 Galba
422 498 566 526 rerum
609 483 790 538 adeptus
833 486 916 535 est,
958 498 1036 539 per
1080 498 1217 526 annos
1260 487 1433 527 centum
1475 485 1666 540 profusis

99 544 344 599 sumptibus
376 543 552 586 exerciti
582 542 792 598 paulatim
824 517 1055 585 exolevere.
1105 556 1258 585 causas
1285 544 1376 585 eius
1409 544 1666 586 mutationis

100 617 302 670 quaerere
339 602 457 644 libet.
519 602 627 643 dites
666 602 770 644 olim
807 601 1000 644 familiae
1042 602 1256 653 nobilium
1298 604 1373 645 aut
1412 602 1667 645 claritudine
1692 614 1714 647 5

99 662 292 717 insignes
324 661 466 703 studio
499 660 848 716 magnificentiae
872 661 1224 716 prolabebantur.
1273 675 1376 703 nam
1408 662 1541 704 etiam
1571 664 1667 704 tum

98 721 270 775 plebem
301 720 442 762 socios
473 734 608 775 regna
639 720 779 762 colere
811 721 855 762 et
885 719 969 762 coli
998 719 1185 774 licitum3
1217 722 1266 762 ut
1297 720 1477 776 quisque
1509 721 1665 776 opibus

100 779 227 821 domo
270 781 429 834 paratu
471 779 711 834 speciosus,
759 793 838 833 per
885 793 1044 821 nomen
1088 781 1132 820 et
1176 779 1400 821 clientelas
1442 779 1667 822 inlustrior

98 838 353 880 habebatur.
413 840 647 893 postquam
685 837 886 880 caedibus
918 838 1131 880 saevitum
1163 841 1206 880 et
1237 838 1491 894 magnitudo
1523 838 1666 880 famae

98 897 231 939 exitio
271 899 380 951 erat,
420 898 550 939 ceteri
587 897 640 939 ad
679 897 945 952 sapientiora
976 899 1238 940 convertere.
1300 897 1430 939 simul
1461 896 1562 938 novi
1591 897 1667 939 ho-

99 957 238 998 mines
271 971 293 997 e
325 956 572 1011 municipiis
606 958 649 998 et
679 956 862 998 coloniis
895 959 1024 1011 atque
1057 956 1188 997 etiam
1214 955 1448 1011 provinciis
1473 955 1521 997 in
1546 970 1667 998 sena-

97 1017 191 1057 tum
223 1015 371 1057 crebro
405 1014 625 1070 adsumpti
663 1014 944 1057 domesticam
980 1015 1291 1069 parsimoniam
1328 1015 1585 1070 intulerunt,
1622 1016 1667 1057 et

99 1089 362 1129 quamquam
387 1073 562 1116 fortuna
587 1074 656 1116 vel
680 1073 894 1115 industria
918 1073 1126 1140 plerique
1139 1074 1419 1128 pecuniosam
1444 1073 1499 1115 ad
1525 1088 1666 1116 senec-

97 1137 188 1174 tam
220 1132 506 1187 pervenirent,
538 1133 699 1174 mansit
729 1135 876 1174 tamen
907 1132 1026 1188 prior
1057 1132 1239 1175 animus.
1302 1133 1377 1174 sed
1408 1132 1665 1199 praecipuus

99 1191 294 1234 adstricti
337 1191 469 1234 moris
514 1195 664 1234 auctor
700 1190 996 1247 Vespasianus
1039 1191 1143 1247 fuit,
1186 1191 1364 1246 antiquo
1407 1191 1501 1246 ipse
1545 1191 1665 1233 cultu

98 1251 310 1306 victuque.
373 1250 626 1306 obsequium
666 1250 765 1292 inde
805 1251 850 1293 in
890 1250 1131 1305 principem
1172 1252 1216 1292 et
1255 1250 1500 1292 aemulandi
1541 1264 1664 1293 amor

97 1309 282 1351 validior
317 1324 445 1364 quam
484 1323 625 1364 poena
662 1324 713 1351 ex
748 1309 917 1365 legibus
959 1312 1003 1351 et
1045 1311 1197 1351 metus.
1253 1309 1339 1351 nisi
1380 1308 1493 1351 forte
1532 1309 1662 1351 rebus

99 1368 264 1411 cunctis
288 1369 404 1410 inest
428 1368 602 1423 quidam
626 1369 746 1410 velut
771 1366 902 1422 orbis,
929 1369 976 1410 ut
1002 1381 1129 1423 quem
1148 1367 1202 1410 ad
1222 1368 1397 1410 modum
1416 1370 1664 1423 temporum

98 1427 230 1482 vices,
265 1427 330 1470 ita
359 1442 528 1469 morum
560 1429 802 1482 vertantur3
838 1441 918 1469 nec
950 1427 1096 1469 omnia
1128 1427 1242 1481 apud
1272 1427 1438 1481 priores
1470 1426 1664 1482 meliora,

99 1486 173 1528 sed
215 1489 369 1528 nostra
410 1501 576 1542 quoque
622 1489 741 1528 aetas
785 1486 925 1528 multa
973 1485 1116 1528 laudis
1160 1488 1204 1527 et
1246 1486 1406 1527 artium
1448 1484 1662 1527 imitanda
1688 1496 1738 1528 20

96 1545 284 1600 posteris
327 1545 439 1587 tulit.
499 1559 647 1587 verum
690 1545 796 1587 haec
839 1545 965 1587 nobis
1008 1546 1055 1587 in
1098 1544 1284 1587 maiores
1329 1544 1568 1587 certamina
1612 1558 1665 1586 ex

95 1604 278 1646 honesto
310 1607 524 1646 maneant.

215 1662 414 1705 Tiberius
447 1663 565 1705 fama
596 1663 907 1705 moderationis
938 1664 1084 1718 parta,
1122 1662 1236 1717 quod
1266 1661 1510 1718 ingruentis
1543 1676 1664 1704 accu-
1678 1661 1738 1705 56

99 1724 263 1764 satores
288 1726 563 1777 represserat,
594 1722 732 1764 mittit
761 1722 932 1764 litteras
958 1721 1012 1764 ad
1038 1723 1248 1775 senatum,
1279 1721 1375 1776 quis
1400 1722 1666 1776 potestatem

97 1781 374 1823 tribuniciam
423 1780 567 1823 Druso
616 1781 805 1835 petebat.
885 1781 929 1822 id
979 1781 1135 1822 summi
1185 1780 1352 1836 fastigii
1407 1780 1666 1822 vocabulum

99 1840 324 1895 Augustus
360 1840 569 1895 repperit,
605 1854 659 1880 ne
694 1840 811 1894 regis
849 1841 925 1881 aut
961 1838 1185 1881 dictatoris
1222 1853 1381 1880 nomen
1420 1838 1668 1881 adsumeret

1693 908 1739 941 10

1691 1201 1739 1234 15

145 1940 214 1990 55.
246 1958 278 1989 2.
311 1965 417 1989 arma
443 1954 537 1989 statt
562 1954 710 1996 bellum,
740 1954 846 1989 nicht

968 1957 1022 1989 15.
1035 1954 1234 1989 adstrictus
1244 1954 1475 1998 ,‚sparsam“;
1488 1953 1530 1988 in
1542 1952 1665 1989 dieser

101 2013 172 2036 nur
189 2001 252 2036 bei
272 2000 464 2044 Dichtern,
491 2001 652 2036 sondern
668 1999 751 2036 hier
768 2000 846 2036 und

918 2000 1142 2046 Bedeutung
1171 2012 1243 2035 nur
1275 2000 1375 2045 hier,
1410 2000 1473 2036 bei
1502 1999 1665 2046 Propera

101 2048 150 2084 da
176 2049 291 2083 sehon
317 2048 378 2084 bei
403 2047 542 2083 Cicero.

151 2111 183 2143 3.
211 2107 371 2151 adipisci
395 2106 466 2141 mit
490 2106 575 2141 dem
596 2105 754 2142 Genetiv
777 2118 847 2141 nur

100 2154 183 2190 hier
213 2154 290 2189 und
322 2159 361 2198 6,
387 2157 432 2189 45
468 2154 733 2189 dominationis
763 2154 847 2199 api·

99 2205 269 2244 sceretur,
294 2201 390 2236 nach
409 2200 593 2246 Analogie
617 2211 691 2236 von
708 2202 828 2246 potiri
833 2215 847 2246 ;

105 2248 415 2284 wahrscheinlich
453 2248 548 2283 auch
588 2251 649 2292 12,
677 2251 722 2283 30
760 2249 847 2283 dum

101 2297 392 2342 adipiscerentur
415 2295 689 2331 dominationis.
735 2293 848 2331 Sonst

101 2343 164 2379 bei
188 2343 338 2379 keinem
364 2341 645 2378 Schriftsteller.

150 2405 182 2437 6.
209 2402 499 2446 prolabebantur
530 2401 607 2444 „sie
639 2401 779 2446 gingen
803 2412 848 2435 zu

102 2449 224 2484 weit‘fi
276 2448 360 2494 Vgl.
389 2447 464 2484 Cic.
491 2448 539 2483 ad
570 2449 647 2483 Att.
678 2452 715 2492 1,
744 2452 798 2492 17,
825 2451 846 2483 9

102 2496 304 2540 cupiditate
336 2497 546 2541 prolapsus.
604 2495 684 2531 Liv.
710 2499 775 2539 40,
800 2498 846 2530 23

104 2544 305 2588 cupiditate
329 2544 433 2589 requi
451 2544 662 2588 prolapsus.

152 2605 186 2636 8.
211 2593 313 2636 Uber
332 2605 476 2646 paratu
502 2612 530 2637 s.
551 2613 596 2636 zu
622 2612 677 2646 cp.
699 2605 756 2636 52.

153 2664 186 2695 9.
232 2660 412 2696 caedibus.
462 2660 616 2695 Tacitus
652 2658 769 2695 denkt
803 2670 850 2694 an

105 2707 168 2742 die
193 2708 340 2752 spatere
364 2706 677 2752 Regierungszeit
701 2707 766 2742 des
786 2705 849 2741 Ti-

104 2753 247 2798 berius,
279 2765 327 2789 an
354 2752 542 2799 Caligula,
570 2754 635 2789 der
659 2765 726 2788 aus
751 2753 850 2788 Hab-

105 2801 216 2836 sucht
240 2801 419 2844 mordete,
445 2801 522 2835 und
547 2812 596 2836 an
615 2800 688 2836 den
707 2800 850 2835 Thron-

106 2846 318 2893 folgekrieg
342 2859 417 2884 von
442 2851 592 2884 68-70,

918 2047 996 2082 und
1021 2046 1043 2081 J
1046 2048 1158 2082 ustin.

972 2098 1030 2129 21.
1073 2095 1116 2130 in
1151 2095 1307 2130 maiores
1343 2094 1397 2140 (in
1436 2094 1502 2129 der
1538 2093 1665 2130 Hand·-

920 2141 1054 2177 schrift
1077 2140 1175 2176 fehlt
1197 2142 1254 2185 in)
1285 2152 1374 2187 mag
1398 2140 1568 2186 Tacitus,
1601 2141 1667 2177 der

920 2200 1031 2234 sogar
1067 2189 1259 2224 dissimilis
1293 2190 1336 2224 in
1373 2189 1531 2234 aliquem
1568 2189 1665 2234 sagt,

919 2235 1164 2280 geschrieben
1200 2236 1340 2279 haben3
1385 2236 1483 2271 doch
1518 2236 1569 2271 ist
1605 2235 1666 2272 die

918 2282 1191 2318 Konstruktion
1210 2284 1314 2319 sonet
1331 2283 1561 2319 unbekannt.
1594 2283 1667 2319 Zur

918 2330 1132 2376 Erkl‘arung
1150 2330 1256 2365 dient
1279 2330 1346 2365 der
1365 2329 1556 2374 Gedanke,
1582 2329 1665 2366 dass

918 2377 981 2413 bei
1006 2376 1132 2422 jedem
1157 2378 1374 2413 Wettstreit
1402 2377 1463 2413 ein
1487 2376 1667 2422 gewisser

919 2423 1020 2459 Grad
1056 2435 1131 2460 von
1167 2423 1396 2459 Animositat
1432 2435 1555 2470 gegen
1593 2425 1667 2460 den

917 2470 1186 2507 Nebenbuhler
1217 2471 1443 2514 stattfindet‚
1475 2482 1553 2506 was
1584 2470 1665 2507 also

919 2519 1002 2553 hier
1025 2518 1142 2553 durch
1166 2519 1209 2553 in
1232 2518 1451 2553 bezeichnet
1476 2521 1586 2554 ware.

967 2564 1030 2600 56.
1063 2569 1096 2600 2.
1128 2557 1229 2601 Uber
1260 2565 1320 2600 die
1345 2564 1569 2610 Bedeutung
1600 2565 1668 2601 der

919 2613 1123 2648 tribunicia
1147 2615 1308 2657 potestas
1333 2611 1410 2647 und
1435 2612 1506 2647 den
1531 2612 1667 2648 Unter-

923 2658 1052 2694 schied
1083 2659 1280 2694 derselben
1304 2670 1379 2695 von
1404 2659 1488 2695 dem
1513 2660 1574 2695 ius
1597 2660 1667 2696 tri-

922 2707 1109 2742 bwnioium
1135 2718 1162 2742 s.
1182 2718 1226 2741 zu
1253 2711 1285 2750 1,
1305 2710 1338 2742 2.

969 2756 1002 2789 4.
1046 2753 1238 2799 Auqustus
1280 2753 1386 2788 hatte
1428 2752 1530 2789 diese
1571 2764 1667 2790 neue

921 2800 1063 2835 Wfirde
1088 2810 1149 2834 am
1174 2804 1231 2836 27.
1251 2799 1340 2835 Juni
1364 2804 1410 2835 23
1435 2812 1469 2836 v.
1491 2799 1576 2836 Chr.
1602 2812 1668 2836 an-

922 2857 1155 2893 genommen.
