1806 3120
721 55 747 66 κ

189 120 274 163 158
613 121 841 159 CORNELII
865 121 1026 159 TACITI
1049 121 1308 159 ANNALIUM

187 233 337 285 sponte
371 230 618 286 extinctum,
642 246 790 273 verum
815 231 994 273 inmisso
1019 245 1279 286 percussore.
1329 245 1510 287 quorum
1534 233 1734 274 neutrum

186 289 542 345 adseveraverim,
581 304 717 345 neque
756 293 898 332 tamen
942 290 1131 332 occulere
1175 289 1300 332 debui
1337 292 1558 332 narratum
1596 290 1650 332 ab
1681 290 1735 332 iis

186 348 260 403 qui
289 350 482 391 nostram
514 349 567 390 ad
598 349 814 391 iuventam
847 349 1118 391 duraverunt.
1167 347 1326 392 Caesar
1354 348 1464 391 flexo
1495 348 1539 390 in
1564 349 1735 391 maesti-

184 407 292 449 tiam
324 422 396 450 ore
429 422 548 450 suam
579 408 783 450 invidiam
815 408 893 450 tali
919 411 1055 450 morte
1081 408 1317 463 quaesitam
1343 407 1454 462 apud
1480 409 1674 449 senatum
1685 406 1742 434 ³⁸*

117 480 158 512 10
185 466 427 522 crebrisque
471 466 879 522 interrogationibus
923 467 1128 522 exquirit,
1166 467 1337 522 qualem
1374 466 1473 509 Piso
1513 466 1624 509 diem
1667 481 1735 509 su-

183 539 378 580 premum
413 528 667 580 noctemque
706 525 928 581 exegisset.
1001 528 1128 581 atque
1165 526 1237 568 illo
1278 526 1478 581 pleraque
1511 525 1741 582 sapienter,

185 584 390 639 quaedam
422 584 707 626 inconsultius
746 584 1047 640 respondente,
1084 585 1240 627 recitat
1270 584 1488 627 codicillos
1521 599 1546 625 a
1575 583 1740 628 Pisone

183 643 229 684 in
260 642 374 685 hunc
403 643 537 685 ferme
567 643 742 685 modum
775 644 1055 698 compositos:
1094 643 1434 698 ‘conspiratione
1466 643 1735 686 inimicorum

185 704 229 744 et
258 702 422 743 invidia
453 701 552 744 falsi
584 702 772 744 criminis
810 717 1058 757 oppressus,
1097 705 1303 758 quatenus
1335 703 1507 744 veritati
1540 705 1582 744 et
1613 703 1738 745 inno-

115 776 158 808 15
186 760 352 803 centiae
384 774 502 802 meae
533 775 742 816 nusquam
769 761 888 804 locus
915 764 991 816 est,
1017 762 1116 804 deos
1141 762 1392 803 inmortales
1417 764 1554 803 testor
1579 761 1736 804 vixisse

186 834 267 874 me,
298 818 468 874 Caesar,
501 834 597 861 cum
621 820 704 862 fide
730 819 954 862 adversum
973 824 1036 875 te,
1066 835 1203 876 neque
1229 820 1314 862 alia
1338 820 1383 862 in
1409 823 1591 862 matrem
1615 822 1735 862 tuam

185 878 364 933 pietate3
397 892 556 932 vosque
588 893 663 920 oro
695 879 841 921 liberis
867 880 973 921 meis
1000 879 1248 934 consulatis,
1274 894 1325 921 ex
1350 879 1504 934 quibus
1531 877 1608 921 Cn.
1634 878 1739 921 Piso

187 937 483 992 qualicumque
508 937 707 979 fortunae
739 952 857 980 meae
889 952 975 980 non
1009 941 1075 980 est
1106 938 1343 992 adiunctus,
1370 953 1466 980 cum
1498 952 1622 980 omne
1653 937 1736 980 hoc

185 1001 353 1051 tempus
398 996 442 1037 in
482 996 586 1038 urbe
630 996 787 1053 egerit,
825 996 882 1039 M.
913 996 1014 1039 Piso
1052 999 1241 1051 repetere
1274 994 1441 1039 Suriam
1481 996 1736 1039 dehortatus

186 1057 263 1097 est.
319 1058 447 1110 atque
476 1056 644 1097 utinam
672 1069 752 1110 ego
777 1056 922 1110 potius
953 1056 1041 1098 filio
1067 1056 1212 1098 iuveni
1237 1070 1367 1111 quum
1397 1055 1470 1098 ille
1500 1056 1616 1110 patri
1641 1056 1732 1097 seni

185 1113 397 1156 cessisset.
465 1128 513 1156 eo
545 1115 768 1169 inpensius
799 1129 950 1170 precor
986 1129 1040 1157 ne
1072 1129 1190 1157 meae
1222 1115 1448 1169 pravitatis
1480 1128 1641 1169 poenas
1671 1115 1734 1156 in-

184 1173 338 1215 noxius
369 1173 470 1215 luat.
520 1188 596 1228 per
627 1174 814 1230 quinque
846 1176 889 1216 et
920 1174 1205 1230 quadraginta
1230 1188 1440 1216 annorum
1471 1172 1737 1228 obsequium,

184 1247 260 1287 per
292 1232 521 1288 collegium
553 1234 820 1288 consulatus,
851 1233 1063 1288 quondam
1096 1233 1194 1275 divo
1227 1232 1426 1288 Augusto
1457 1232 1627 1286 parenti
1658 1233 1734 1274 tuo

184 1291 392 1346 probatus
436 1293 479 1333 et
517 1292 598 1334 tibi
639 1292 801 1334 amicus
842 1306 920 1334 nec
960 1292 1187 1348 quicquam
1224 1294 1325 1347 post
1361 1291 1466 1333 haec
1509 1293 1737 1346 rogaturus

115 1366 159 1399 25
187 1350 369 1392 salutem
401 1350 585 1393 infelicis
616 1351 695 1393 filii
726 1351 861 1407 rogo?
923 1351 973 1393 de
1004 1350 1210 1393 Plancina
1240 1351 1349 1392 nihil
1381 1349 1554 1393 addidit.

122 1416 174 1458 17
307 1409 413 1451 Post
455 1424 563 1465 quae
606 1409 804 1452 Tiberius
858 1410 1175 1452 adulescentem
1226 1410 1402 1452 crimine
1452 1409 1588 1451 civilis
1631 1408 1737 1450 belli

188 1468 407 1524 purgavit,
450 1469 585 1524 patris
625 1469 782 1524 quippe
819 1469 935 1511 iussa
971 1484 1048 1511 nec
1084 1469 1277 1524 potuisse
1313 1469 1448 1510 filium
1492 1467 1739 1520 detrectare,

184 1527 317 1569 simul
356 1528 627 1570 nobilitatem
669 1528 836 1582 domus,
880 1528 1009 1570 etiam
1046 1528 1180 1582 ipsius
1219 1541 1388 1583 quoquo
1430 1527 1556 1569 modo
1594 1525 1738 1568 meriti

186 1599 361 1641 gravem
393 1600 538 1628 casum
569 1586 808 1629 miseratus.
875 1601 953 1641 pro
985 1586 1194 1629 Plancina
1225 1601 1320 1628 cum
1352 1586 1510 1640 pudore
1543 1587 1586 1627 et
1616 1585 1737 1640 flagi-

139 1662 159 1693 5
185 1644 247 1688 tio
279 1645 497 1700 disseruit,
527 1645 677 1688 matris
708 1659 854 1700 preces
887 1645 1138 1698 obtendens,
1176 1646 1221 1687 in
1253 1659 1379 1700 quam
1414 1644 1566 1699 optimi
1597 1643 1737 1686 cuius-

187 1718 267 1759 que
309 1704 460 1746 secreti
502 1707 676 1759 questus
724 1704 865 1761 magis
907 1704 1195 1747 ardescebant.
1267 1704 1310 1746 id
1350 1717 1452 1759 ergo
1493 1703 1559 1745 fas
1603 1702 1737 1757 aviae,

185 1763 516 1805 interfectricem
541 1764 710 1818 nepotis
737 1763 967 1819 adspicere,
993 1763 1166 1818 alloqui,
1194 1763 1357 1818 eripere
1383 1761 1562 1804 senatui.
1623 1761 1737 1817 quod

184 1836 262 1876 pro
296 1822 494 1864 omnibus
527 1822 691 1864 civibus
723 1823 841 1879 leges
875 1822 1110 1878 obtineant,
1140 1822 1218 1863 uni
1243 1821 1498 1864 Germanico
1522 1835 1611 1863 non
1637 1834 1735 1862 con-

184 1881 349 1937 tigisse.
416 1880 584 1923 Vitellii
627 1884 670 1923 et
698 1881 876 1924 Veranii
906 1895 1009 1924 voce
1051 1881 1248 1923 defletum
1282 1879 1528 1934 Caesarem,
1569 1879 1622 1922 ab
1659 1879 1736 1921 im-

116 1957 159 1989 10
183 1942 383 1995 peratore
416 1942 458 1982 et
489 1941 685 1995 Augusta
718 1941 936 1983 defensam
967 1940 1228 1982 Plancinam.
1289 1938 1467 1995 proinde
1498 1952 1661 1981 venena
1693 1939 1736 1980 et

185 2001 297 2041 artes
329 2001 420 2041 tam
450 1999 633 2041 feliciter
664 2002 859 2055 expertas
885 2002 1069 2042 verteret
1098 1999 1142 2041 in
1168 1998 1464 2054 Agrippinam,
1494 1998 1539 2039 in
1570 1997 1728 2039 liberos

115 1071 160 1103 20

232 2143 264 2174 9.
289 2138 423 2175 Hinter
439 2142 603 2175 senatum
620 2139 671 2174 ist
692 2138 774 2175 eine
786 2139 924 2185 Li'icke‚
996 2138 1044 2173 ist
1087 2138 1274 2184 subjektiv
1310 2137 1512 2182 ‚‚Scham“,
1555 2136 1736 2181 flayitium

185 2186 244 2222 die
281 2186 392 2221 Halm
430 2198 469 2223 so
508 2185 679 2222 ausfiillt:
716 2190 926 2232 conquestus
997 2185 1162 2232 objektiv
1188 2185 1426 2230 „Schande“.
1479 2183 1562 2229 Vgl.
1586 2182 1674 2218 hist.
1700 2186 1735 2217 4.

186 2233 243 2268 M.
272 2233 440 2270 Pisonem
464 2234 589 2269 vocari
612 2234 718 2269 iubet.
997 2236 1040 2268 62
1072 2233 1202 2269 rubore
1238 2236 1270 2268 et
1304 2231 1471 2275 infamia.
1540 2233 1583 2265 72
1609 2229 1735 2274 pudor

234 2283 288 2316 14.
997 2291 1040 2315 ac
1064 2281 1223 2316 dedecus.

343 2284 520 2326 quatenus
549 2281 679 2334 lzausal
718 2282 811 2316 statt
840 2291 925 2326 quo-

184 2338 297 2410 3333?
308 2327 925 2419 5335&1315¹31²³<2¹i1⁸te¹ss¹1¹22h⁰f33¹3

184 2422 472 2458 nachklassisch.

235 2473 288 2506 19.
338 2469 522 2505 dehortari
552 2468 620 2504 mit
651 2469 734 2505 dem
761 2468 925 2505 Infinitiv

186 2517 300 2552 echon
332 2517 391 2552 bei
424 2517 515 2552 Cato
546 2517 621 2551 und
654 2516 742 2552 Sall.
767 2516 852 2562 Jug.
878 2520 923 2551 24

183 2565 295 2610 plura
333 2565 376 2600 de
405 2564 588 2609 Iuyurtha
617 2565 770 2599 scribere
800 2564 923 2599 dehor-

185 2614 286 2646 tatur
316 2623 369 2647 me
398 2612 551 2655 fortuna
579 2622 667 2646 mea.
728 2611 808 2646 Den
841 2611 922 2645 Infi-

185 2658 279 2693 nitiv
304 2659 399 2694 nach
429 2659 570 2694 hortari
599 2657 675 2693 und
700 2669 839 2694 monere
863 2670 924 2703 gc—

184 2705 343 2740 braucht
367 2706 482 2741 sehon
507 2704 642 2741 Cicero.

233 2756 288 2787 23.
302 2753 420 2798 colley.
432 2754 580 2797 consul„
594 2752 643 2787 im
651 2752 673 2787 J
675 2752 762 2787 ahre
771 2755 790 2786 7
800 2764 831 2788 v.
841 2751 922 2786 Chr.

232 2799 295 2835 17.
345 2803 376 2836 2.
426 2801 544 2844 iussa,
570 2799 648 2835 scil.
673 2800 796 2843 fuisse.

232 2849 264 2880 4.
321 2847 526 2891 miseratus,
577 2846 635 2882 ein
687 2845 923 2882 aoristisches

185 2892 364 2937 Partizip3
397 2905 423 2929 e.
450 2893 545 2929 Einl.
572 2897 602 2936 ξ.
631 2897 708 2928 110.
735 2913 779 2919 —
803 2893 923 2938 pudor

1045 2332 1076 2363 6.
1131 2328 1313 2363 ardescere
1348 2326 1441 2360 statt
1476 2324 1602 2360 ardere
1644 2323 1734 2359 oder

997 2375 1237 2419 exardescere,
1262 2373 1357 2409 &fter
1386 2371 1425 2407 in
1450 2372 1521 2406 den
1544 2370 1734 2406 Historien

996 2422 1071 2456 und
1096 2421 1281 2464 Annalen,
1319 2419 1421 2455 sonst
1457 2417 1627 2464 poetisch
1657 2417 1734 2453 und

994 2468 1280 2504 nachklassisch.
1312 2487 1355 2492 —
1387 2466 1613 2509 interfectrix
1637 2465 1734 2500 fehlt

994 2516 1033 2550 in
1048 2514 1269 2550 klassischer
1275 2513 1399 2557 Prosa,
1413 2514 1620 2557 interfector
1633 2512 1733 2548 steht

994 2563 1106 2598 schon
1131 2562 1191 2597 bei
1218 2561 1356 2596 Cicero.

1044 2613 1097 2645 11.
1142 2612 1309 2654 expertus
1332 2607 1553 2652 passivisch‚
1578 2605 1648 2642 wie
1673 2617 1730 2652 cp.

998 2661 1040 2692 74
1088 2656 1311 2692 centuriones
1363 2655 1510 2690 virtutis
1556 2656 1731 2699 expertae.

996 2703 1122 2740 Cicero
1158 2714 1194 2748 p.
1225 2702 1343 2737 Balbo
1375 2706 1395 2737 5
1432 2702 1550 2737 virtus
1585 2702 1732 2746 experta

995 2755 1100 2796 atque
1111 2753 1303 2795 perspecta.
1329 2749 1505 2794 Haufiger
1521 2747 1581 2784 bei
1593 2747 1730 2783 Livius.

994 2796 1099 2833 Auch
1130 2798 1338 2842 ineaepenus
1362 2796 1429 2831 hat
1451 2795 1537 2831 Tac.
1564 2794 1621 2831 als
1645 2793 1731 2829 Pas·

995 2845 1060 2880 siv.
1093 2865 1136 2870 —
1169 2844 1345 2890 eqreqius,
1382 2842 1563 2887 ironisch‚
1598 2852 1731 2877 voran-

993 2892 1145 2938 gestellt
1168 2891 1237 2926 wie
1265 2894 1295 2932 1,
1320 2894 1365 2926 42
1391 2890 1465 2926 und
1490 2889 1595 2925 δῆθε.
