1806 3120
1695 0 1737 20 rw

1769 0 1806 71 ἐ-ῑκὲ

1772 70 1788 89 δ

190 105 276 150 134
615 106 845 143 CORNELII
869 104 1032 142 TAcrri
1057 104 1316 142 ANNALIUM

187 215 452 269 conduceret,
483 215 700 258 abiturum
730 214 813 257 fide
845 229 929 270 qua
959 214 1160 257 venisset.
1192 216 1379 257 ceterum
1406 214 1518 270 apud
1551 216 1746 258 senatum
1773 197 1792 216 ⁶

188 275 391 317 disseruit
421 290 509 318 non
540 274 788 331 Philippum
820 273 1176 329 Atheniensibus,
1206 288 1293 316 non
1323 273 1509 329 Pyrrum
1553 276 1627 316 aut
1663 275 1746 316 An·

119 345 161 378 10
186 334 380 377 tiochum
405 335 565 390 populo
585 334 779 377 Romano
805 333 979 388 perinde
1004 332 1257 376 metuendos
1282 333 1427 375 fuisse.
1460 334 1578 375 extat
1597 333 1748 389 oratio,

188 408 272 449 qua
302 394 643 449 magnitudinem
674 393 776 448 viri,
808 392 1059 434 violentiam
1091 392 1380 434 subiectarum
1412 391 1451 434 ei
1482 391 1674 448 gentium
1705 395 1749 436 et

188 466 315 508 quam
345 454 612 508 propinquus
644 451 797 494 Italiae
827 451 980 505 hostis,
1012 465 1170 506 suaque
1202 451 1247 492 in
1278 451 1534 493 destruendo
1567 466 1617 493 eo
1650 465 1748 494 con-

188 511 285 553 silia
329 512 494 554 extulit.
570 514 612 554 et
653 511 946 554 Maroboduus
992 509 1162 565 quidem
1204 509 1434 552 Ravennae
1477 510 1672 564 habitus,
1711 510 1748 553 si

189 571 359 625 quando
391 572 698 614 insolescerent
730 569 877 623 Suebi,
916 570 1038 624 quasi
1069 569 1279 612 rediturus
1316 570 1362 611 in
1391 583 1573 626 regnum
1606 571 1748 612 osten-

119 642 162 674 15
188 630 383 684 tabatur3
430 630 503 672 sed
533 644 619 672 non
658 629 842 672 excessit
872 628 1001 671 Italia
1038 643 1114 683 per
1151 628 1444 684 duodeviginti
1481 643 1615 671 annos
1649 643 1748 671 con·

188 689 413 744 senuitque
444 690 628 731 multum
660 688 888 731 imminuta
920 688 1114 730 claritate
1140 688 1194 730 ob
1226 687 1404 730 nimiam
1429 687 1600 730 vivendi
1631 689 1749 743 cupi-

189 748 342 790 dinem.
404 748 517 790 idem
544 747 778 791 Catualdae
810 762 934 790 casus
967 761 1104 803 neque
1135 747 1250 789 aliud
1280 747 1536 803 perfugium.
1592 747 1746 803 pulsus

187 807 301 849 haud
350 808 489 850 multo
532 810 632 862 post
674 806 1076 849 Hermundurorum
1127 806 1279 861 opibus
1330 808 1373 847 et
1417 805 1579 848 Vibilio
1630 806 1748 860 duce,

187 869 467 922 receptusque
517 866 675 909 Forum
728 866 904 920 Iulium,
953 864 1251 908 Narbonensis
1302 865 1469 908 Galliae
1519 865 1747 920 coloniam,

118 934 163 965 20
191 925 389 967 mittitur.
455 926 629 968 barbari
671 928 901 980 utrumque
945 924 1139 967 comitati
1183 939 1236 966 ne
1287 925 1453 979 quietas
1502 924 1748 979 provincias

186 984 356 1027 inmixti
394 985 636 1039 turbarent,
679 984 925 1027 Danuvium
969 983 1084 1025 ultra
1126 984 1239 1025 inter
1281 983 1459 1025 flumina
1495 983 1666 1026 Marum
1705 986 1748 1026 et

189 1043 349 1086 Cusum
381 1044 590 1100 locantur,
622 1044 721 1086 dato
753 1058 855 1100 rege
886 1042 1060 1085 Vannio
1095 1042 1236 1099 gentis
1268 1041 1526 1092 Quadorum.

308 1102 444 1146 Simul
487 1103 687 1146 nuntiato
731 1117 876 1159 regem
919 1102 1132 1144 Artaxian
1177 1101 1390 1144 Armeniis
1429 1116 1454 1143 a
1495 1100 1749 1144 Germanico

189 1162 349 1217 datum,
382 1163 604 1206 decrevere
643 1165 788 1218 patres
821 1165 869 1203 ut
901 1161 1181 1203 Germanicus
1214 1163 1342 1216 atque
1372 1159 1539 1203 Drusus
1572 1164 1751 1203 ovantes

188 1222 336 1263 urbem
362 1222 604 1265 introirent.
655 1222 809 1264 structi
840 1224 883 1263 et
914 1235 1037 1264 arcus
1064 1221 1223 1263 circum
1257 1221 1395 1262 latera
1418 1219 1571 1275 templi
1595 1219 1750 1263 Martis

188 1280 353 1323 Ultoris
398 1297 494 1324 cum
536 1281 679 1337 effigie
717 1280 972 1335 Caesarum,
1016 1279 1196 1322 laetiore
1233 1279 1428 1332 Tiberio,
1470 1279 1570 1334 quia
1600 1293 1750 1334 pacem

129 1354 149 1386 5
189 1341 402 1396 sapientia
439 1342 702 1392 firmaverat,
747 1355 873 1395 quam
919 1339 955 1381 si
1003 1339 1165 1381 bellum
1209 1353 1284 1394 per
1324 1339 1437 1381 acies
1481 1337 1750 1381 confecisset.

188 1399 323 1455 igitur
355 1400 667 1455 Rhescuporim
695 1413 880 1455 quoque,
912 1398 1145 1440 Thraeciae
1178 1412 1335 1453 regem,
1361 1399 1459 1440 astu
1491 1397 1752 1452 adgreditur.

189 1473 360 1501 omnem
401 1475 495 1502 eam
532 1460 753 1501 nationem
785 1457 1114 1500 Rhoemetalces
1160 1459 1377 1511 tenuerat3
1423 1471 1505 1511 quo
1550 1455 1751 1500 defuncto

189 1518 411 1574 Augustus
453 1522 619 1574 partem
651 1518 891 1559 Thraecum
922 1516 1236 1571 Rhescuporidi
1276 1515 1403 1558 fratri
1435 1516 1541 1567 eius,
1581 1518 1750 1571 partem

188 1577 278 1619 filio
312 1576 440 1632 Cotyi
470 1577 677 1633 permisit.
737 1577 782 1618 in
815 1591 864 1618 ea
896 1575 1105 1618 divisione
1144 1590 1246 1617 arva
1287 1578 1330 1617 et
1366 1575 1492 1617 urbes
1533 1578 1576 1617 et
1606 1575 1750 1617 vicina

123 1649 165 1681 10
193 1635 368 1679 Graecis
395 1636 538 1693 Cotyi,
565 1636 678 1692 quod
704 1636 927 1690 incultum,
953 1635 1085 1689 ferox,
1110 1634 1320 1676 adnexum
1344 1634 1543 1676 hostibus
1562 1633 1753 1676 Rhescu—

117 1113 174 1155 64

235 1755 267 1788 8.
305 1753 375 1795 fide
399 1764 473 1798 qua
498 1754 589 1788 statt
617 1754 738 1788 eadem
756 1753 827 1796 fede
845 1763 930 1797 qua,
1003 1762 1076 1787 von
1108 1749 1301 1785 Massilien
1335 1750 1542 1795 gegrx'indet
1571 1750 1647 1786 und
1680 1761 1754 1787 von

188 1800 270 1836 eine
295 1799 454 1846 Ellipse,
489 1799 549 1836 die
582 1800 661 1835 sich
688 1801 765 1835 erst
794 1800 834 1834 in
860 1799 933 1834 den
1005 1799 1194 1843 Augustus
1218 1798 1466 1833 verschonert.

188 1847 360 1882 Annalen
396 1848 522 1883 findet.
581 1847 762 1893 Dagegen
799 1858 854 1892 cp.
889 1849 933 1882 78
1053 1849 1109 1881 21.
1148 1845 1293 1889 Marus,
1309 1844 1406 1890 jetzt
1419 1844 1479 1880 die
1492 1844 1634 1889 March,
1654 1844 1752 1880 auch

187 1896 309 1930 eadem
333 1896 404 1939 fide
428 1907 501 1941 qua
525 1896 691 1931 tenuerit.
1006 1903 1078 1928 von
1105 1892 1249 1928 Plinius
1275 1891 1453 1927 erw'ahnt.

237 1958 278 1989 11
336 1965 409 2000 qua
433 1955 723 2000 maynitudinem
739 1954 811 1989 viri
830 1973 874 1978 -
903 1955 936 1988 et
1054 1944 1110 1975 22.
1154 1939 1228 1975 Der
1245 1938 1362 1975 Cusus
1386 1938 1437 1974 ist
1461 1938 1566 1975 nicht
1591 1939 1750 1975 nachzu-

188 1982 297 2045 quan,
333 2003 568 2047 Propinquus
611 2005 670 2037 ott·
721 2002 803 2036 eine
846 1999 936 2035 Ver,
1008 1987 1162 2030 weisen3
1189 1997 1249 2021 am
1274 1987 1427 2033 rechten
1447 1986 1536 2022 Ufer
1554 1986 1669 2023 fliel'st
1687 1986 1753 2023 der

189 2049 341 2094 letzung
366 2049 432 2084 der
456 2048 709 2092 Konzinnitat‚
736 2049 806 2083 wie
831 2052 866 2091 4,
891 2050 934 2082 31
1010 2034 1190 2090 Gpsenssn
1211 2025 1546 2069 Οὓθῖ-Οὸῧθΐῑθίώ·
1575 2055 1619 2060 -”
1655 2034 1754 2089 Vfl'f·

191 2107 331 2141 gmarus
355 2098 542 2132 meliorum
567 2100 599 2131 et
624 2108 714 2141 quae
741 2097 844 2139 fama
868 2096 933 2131 cle·
1009 2093 1106 2136 mus,
1131 2093 1182 2116 ΠΗ
1207 2082 1240 2135 :J-
1261 2085 1307 2117 5⁰
1339 2081 1518 2135 ebssnfalls
1548 2092 1621 2117 V0¹¹
1645 2080 1752 2135 V¹‚b¹·

191 2145 581 2189 mentiamsequeretur.
599 2143 740 2179 S.Einl.
752 2147 781 2186 ξ.
793 2147 871 2186 119,
883 2146 937 2180 12.
984 2150 988 2153 Α
1010 2131 1082 2212 huf?
1102 2129 1330 2212 ἔξέζξὲἓῃ)
1356 2129 1754 2218 ΨῙΥὸἰὲΠρξῖἓὲἓωθὶὲ

604 2201 611 2208 ·
753 2205 769 2212 ..
818 2201 824 2207 ·
1011 2189 1058 2212 au
1075 2189 1099 2222 g
1300 2203 1307 2211 .
1340 2197 1384 2201 —
1672 2204 1681 2220 ‚

192 2200 938 2294 sassures?asaias}
1010 2224 1167 2259 wahren
1200 2222 1373 2267 sershast,
1683 2223 1754 2259 T..

189 2297 308 2341 haupt
332 2296 478 2331 kommt
503 2308 541 2331 es
566 2296 605 2331 in
636 2295 844 2340 tropischer
869 2294 937 2330 Be-

188 2343 355 2388 deutung
380 2344 456 2379 erst
490 2343 559 2379 seit
585 2342 680 2378 Ovid
706 2342 783 2377 und
809 2342 935 2378 Livius

189 2401 266 2426 vor.

1011 2272 1106 2307 citus
1137 2271 1258 2306 zuerst
1288 2269 1466 2305 erwahnt.
1516 2269 1601 2314 Vgl.
1627 2269 1751 2306 Germ.

1008 2323 1064 2355 42.
1110 2317 1169 2353 sie
1195 2317 1277 2352 sind
1301 2318 1445 2363 spata,
1472 2317 1528 2352 bis
1553 2316 1611 2352 ins
1637 2317 1755 2354 vierte

1007 2364 1270 2449 JRagffilgzindert,
1289 2363 1520 2409 gefahrliche
1531 2364 1669 2400 Feinde
1679 2364 1754 2409 ,der

238 2447 293 2480 14.
336 2445 543 2480 insolescere
563 2443 658 2479 auch
679 2455 734 2488 cp.
766 2447 819 2479 75.
847 2443 934 2478 hist.

189 2495 233 2535 2,
260 2496 298 2534 ’ἴς
339 2492 444 2528 sonst
480 2503 550 2526 nur
587 2491 647 2526 bei
687 2490 826 2526 Sallust
859 2490 936 2526 und

190 2540 380 2583 Spateren.

238 2601 292 2634 18.
337 2597 406 2633 Die
426 2597 726 2640 Hermunduren,
753 2598 802 2632 im
829 2596 936 2631 nord-

193 2645 376 2680 ostlichen
413 2644 575 2690 Bayern,
619 2645 767 2680 werden
801 2643 840 2678 in
874 2644 939 2678 der

193 2692 392 2727 Germania
419 2694 490 2737 (cp.
517 2695 576 2737 41)
603 2692 659 2727 als
685 2692 852 2727 Freunde
873 2690 938 2726 der

191 2740 326 2794 Romer
365 2739 549 2775 erwahnt:
586 2740 714 2775 civitas
747 2739 825 2783 fida
862 2738 937 2773 Ro-

192 2797 319 2874 magt-8.
349 2839 489 2875 Forum
528 2840 645 2884 Iulii,
687 2840 752 2874 das
788 2839 940 2884 heutige

191 2886 337 2931 Frejus,
372 2886 545 2922 Seestadt
576 2887 614 2922 in
649 2887 713 2922 der
737 2886 934 2931 Provence,

1055 2459 1118 2496 64.
1173 2463 1203 2494 1.
1252 2459 1423 2494 nuntiato
1456 2470 1526 2494 nur
1558 2457 1640 2495 hier
1674 2459 1752 2495 und

1007 2507 1088 2544 Liv.
1114 2511 1175 2550 25,
1209 2509 1229 2541 9
1267 2509 1299 2541 et
1329 2517 1374 2542 ne
1409 2507 1464 2542 ibi
1493 2506 1638 2551 quidem
1660 2517 1754 2543 nun-

1007 2556 1120 2598 tiato,
1145 2564 1214 2599 quo
1237 2556 1433 2598 pergerent.

1057 2605 1089 2636 3.
1139 2600 1214 2636 Der
1232 2599 1387 2646 Tempel
1412 2601 1475 2646 lag
1494 2600 1561 2636 auf
1581 2599 1667 2636 dem
1685 2600 1754 2636 Fo-

1010 2661 1091 2684 rum
1118 2647 1288 2693 Augusti,
1317 2648 1451 2683 &stlioh
1476 2659 1563 2684 vom
1587 2647 1754 2692 KapitOL

1011 2707 1070 2732 am
1082 2695 1190 2730 Fusse
1211 2694 1274 2730 des
1294 2694 1582 2739 quirinalischen
1600 2693 1753 2740 Hugeln.
1804 2734 1806 2736 ,

1059 2747 1091 2778 6.
1141 2745 1255 2785 astus,
1282 2754 1308 2779 s.
1336 2755 1379 2777 zu
1406 2753 1463 2787 cp.
1489 2745 1544 2777 20.

1061 2793 1115 2825 10.
1165 2790 1343 2833 adnexus,
1370 2801 1434 2824 zur
1458 2788 1756 2836 Abwechselung
1803 2818 1806 2828 .,

1011 2837 1081 2873 mit
1119 2836 1202 2872 dem
1240 2836 1567 2882 voraufgehenden
1598 2837 1753 2882 vicinus,

1011 2885 1060 2920 ist
1082 2884 1122 2919 in
1147 2882 1288 2919 diesem
1315 2883 1426 2919 Sinne
1452 2880 1516 2919 ἅπ.
1543 2881 1609 2930 sle.
