1794 3126
102 324 146 355 20

99 490 157 533 44

122 736 142 768 5

99 1032 142 1063 10

97 1325 140 1356 15

177 90 260 132 198
608 93 842 131 CORNELII
867 95 1028 133 TACITI
1052 97 1316 135 ANNALIUM

173 198 271 240 urbi
308 201 501 245 attulere.
563 204 686 244 erant
720 205 866 246 tamen
903 205 975 260 qui
1007 205 1245 262 crederent,
1282 209 1469 250 veterem
1499 209 1624 252 illam
1653 209 1740 253 fon-

173 271 289 300 mam
320 259 566 303 salubritati
597 262 736 318 magis
763 263 1030 319 conduxisse,
1061 265 1263 320 quoniam
1289 267 1513 321 angustiae
1536 268 1740 311 itinerum

172 318 216 358 et
245 317 428 360 altitudo
459 321 672 362 tectorum
702 335 792 364 non
822 322 1000 376 perinde
1032 323 1135 366 solis
1160 338 1318 379 vapore
1342 329 1741 381 perrumperentur:

172 377 218 417 at
248 390 363 419 nunc
388 378 580 432 patulam
605 379 880 422 latitudinem
906 383 950 423 et
972 382 1091 424 nulla
1116 383 1269 424 umbra
1294 383 1515 426 defensam
1541 385 1738 440 graviore

171 437 292 477 aestu
324 436 554 480 ardescere.

288 493 349 536 Et
391 495 498 537 haec
540 496 711 551 quidem
754 496 953 540 humanis
994 499 1185 542 consiliis
1222 501 1573 555 providebantur.
1638 517 1740 546 mox

168 552 306 606 petita
349 553 414 595 dis
458 555 630 609 piacula
674 554 863 610 aditique
901 554 1092 612 Sibyllae
1129 559 1249 614 libri,
1293 574 1344 601 ex
1382 560 1537 616 quibus
1576 561 1738 617 suppli-

170 612 314 653 catum
349 610 544 655 Volcano
584 615 627 655 et
665 611 810 656 Cereri
846 613 1231 673 Proserpinaeque,
1270 633 1318 660 ac
1355 619 1593 674 propitiata
1628 619 1738 663 Iuno

168 683 246 722 per
287 671 528 727 matronas,
570 671 757 727 primum
793 673 839 714 in
877 671 1111 730 Capitolio,
1154 676 1303 719 deinde
1343 677 1456 733 apud
1492 678 1737 733 proximum

168 742 298 783 mare,
328 729 440 771 unde
470 730 629 773 hausta
660 746 771 786 aqua
800 733 1011 788 templum
1044 735 1087 775 et
1118 734 1392 778 simulacrum
1419 737 1521 779 deae
1546 751 1738 792 persper-

168 801 262 828 sum
289 790 373 843 est3
400 790 442 830 et
467 790 725 832 sellisternia
750 805 801 833 ac
824 791 1051 848 pervigilia
1077 792 1342 836 celebravere
1369 795 1555 838 feminae
1581 796 1736 852 quibus

168 846 313 888 mariti
345 850 479 890 erant.
537 849 610 891 sed
634 863 723 891 non
748 864 828 905 ope
853 850 1056 906 humana,
1086 866 1175 894 non
1199 853 1505 909 largitionibus
1529 855 1736 910 principis

168 907 243 947 aut
273 905 398 948 deum
429 907 712 961 placamentis
745 909 979 952 decedebat
1017 910 1214 966 infamia,
1252 912 1356 967 quin
1391 913 1555 956 iussum
1591 914 1737 956 incen—

168 962 286 1006 dium
318 965 571 1008 crederetur.
627 981 729 1023 ergo
762 968 972 1011 abolendo
1004 970 1167 1012 rumori
1197 969 1313 1013 Nero
1347 971 1538 1013 subdidit
1567 987 1664 1015 reos
1697 975 1741 1015 et

169 1023 496 1077 quaesitissimis
533 1026 684 1080 poenis
725 1027 900 1082 adfecit,
938 1042 1043 1083 quos
1083 1043 1161 1083 per
1190 1029 1356 1084 flagitia
1387 1029 1553 1073 invisos
1583 1031 1739 1088 vulgus

168 1079 438 1126 Christianos
477 1085 736 1139 appellabat.
798 1089 948 1128 auctor
984 1087 1173 1130 nominis
1213 1088 1304 1130 eius
1337 1087 1534 1131 Christus
1568 1089 1740 1133 Tiberio

166 1140 442 1197 imperitante
481 1157 556 1198 per
593 1146 918 1199 procuratorem
955 1144 1158 1188 Pontium
1189 1146 1378 1189 Pilatum
1418 1148 1629 1203 supplicio
1669 1148 1738 1192 ad-

165 1199 303 1242 fectus
336 1203 445 1243 erat:
477 1217 757 1259 repressaque
788 1203 834 1245 in
865 1218 1068 1260 praesens
1100 1205 1335 1248 exitiabilis
1367 1207 1615 1261 superstitio
1648 1222 1740 1250 rur-

168 1272 262 1300 sum
300 1261 571 1317 erumpebat,
608 1276 695 1304 non
730 1263 859 1305 modo
893 1277 971 1318 per
1001 1263 1223 1319 Iudaeam,
1260 1265 1472 1321 originem
1504 1266 1594 1308 eius
1625 1266 1739 1322 mali,

166 1317 239 1359 sed
269 1332 345 1372 per
375 1320 527 1362 urbem
559 1321 701 1376 etiam,
733 1336 816 1376 quo
849 1325 1003 1364 cuncta
1034 1323 1222 1378 undique
1251 1324 1416 1366 atrocia
1441 1326 1516 1366 aut
1540 1324 1741 1379 pudenda

165 1376 386 1419 confluunt
417 1379 784 1435 celebranturque.
840 1381 975 1437 igitur
1006 1382 1194 1436 primum
1225 1384 1412 1439 correpti
1443 1383 1516 1438 qui
1541 1383 1737 1426 fateban-

163 1436 253 1490 tur,
291 1436 443 1479 deinde
481 1438 640 1481 indicio
681 1453 827 1482 eorum
866 1440 1096 1484 multitudo
1133 1441 1289 1496 ingens
1328 1441 1443 1484 haud
1479 1442 1656 1498 perinde
1691 1442 1739 1485 in

166 1494 343 1537 crimine
381 1496 568 1539 incendii
600 1512 731 1553 quam
763 1498 860 1541 odio
891 1498 1070 1541 humani
1101 1500 1272 1554 generis
1305 1501 1489 1543 convicti
1522 1503 1635 1544 sunt.
1695 1503 1738 1543 et

213 1638 269 1669 22.
302 1635 506 1679 ardescere,
543 1648 613 1671 nur
644 1637 705 1672 bei
737 1637 916 1672 Dichtern

166 1680 243 1715 und
279 1680 331 1716 im
370 1682 558 1718 silbernen
594 1683 745 1727 Latein,
790 1683 840 1719 ist
876 1684 916 1719 in

166 1727 288 1763 dieser
313 1727 567 1774 eigentlichen
586 1730 809 1776 Bedeutung
831 1731 915 1766 sehr

163 1774 302 1855 {sltem
327 1777 430 1812 sonst
451 1776 629 1822 tropisch,
650 1777 720 1813 wie
740 1778 835 1813 auch
853 1778 916 1813 bei

195 1821 324 1859 acitus.

211 1914 273 1952 44.
301 1921 333 1952 3.
354 1918 566 1962 propitiare
584 1917 634 1953 ist
654 1918 914 1965 archaistisch‚

162 1962 202 1997 in
228 1963 295 1998 der
319 1964 436 2000 Prosa
461 1966 536 2000 erst
561 1964 632 2000 seit
656 1965 816 2001 Curtius.

212 2014 244 2044 5.
271 2021 520 2057 persperyere,
550 2012 636 2047 sehr
660 2013 791 2057 selten,
818 2013 915 2049 doch

164 2057 260 2092 auch
292 2057 431 2094 einmal
460 2059 523 2094 bei
556 2059 685 2095 Cicero
718 2060 766 2096 de
798 2071 849 2095 or.
882 2064 913 2105 1,

163 2108 209 2139 34
229 2105 305 2141 sale
318 2109 580 2152 persperyatur
599 2107 728 2143 oratio.
772 2107 831 2142 Da
854 2107 914 2143 die

162 2150 310 2187 Frauen
328 2152 390 2188 bei
411 2153 545 2189 Tische
563 2153 669 2189 nicht
687 2154 809 2199 lagen,
831 2166 913 2190 son—

163 2198 254 2233 dern
286 2198 430 2244 sassen,
461 2211 502 2236 so
527 2201 680 2236 wurden
704 2200 767 2237 bei
791 2200 911 2237 Lecti-

164 2245 328 2281 sternien
359 2247 418 2282 die
451 2247 578 2282 Bilder
610 2248 675 2283 der
707 2248 912 2284 Gottinnen

164 2292 307 2327 sitzend
325 2294 575 2338 angebracht3
603 2295 721 2330 daher
744 2296 910 2331 sellister-

162 2340 247 2382 nia,
274 2351 349 2375 was
374 2341 552 2386 fibrigens
577 2337 642 2377 ἅπ.
671 2340 738 2385 εἰρ.
766 2342 826 2377 ist.

211 2390 244 2421 8.
289 2388 581 2432 placamentum,
623 2389 743 2424 woft‘ir
785 2388 911 2425 Livius

161 2434 355 2478 placamen
374 2436 470 2479 sagt,
490 2435 607 2471 findet
627 2435 707 2471 sich
725 2447 795 2471 nur
812 2436 909 2471 noch

164 2481 250 2518 hist.
280 2485 310 2526 1,
334 2485 390 2525 63,
416 2481 478 2517 bei
498 2482 584 2518 dem
603 2483 747 2519 alteren
765 2482 913 2519 Plinius

163 2527 241 2562 und
258 2527 450 2573 Apulejus.
474 2550 517 2555 —
537 2530 627 2574 quin
647 2542 675 2566 s.
694 2530 790 2566 Einl.
810 2534 841 2573 ξ.
857 2534 911 2566 99.

214 2578 269 2610 11.
302 2575 372 2611 Die
399 2575 587 2622 Christen,
618 2577 759 2612 welche
785 2577 913 2612 friiher

163 2633 236 2657 von
266 2621 416 2657 keinem
447 2623 658 2659 romischen
684 2623 910 2659 Schriftstel·

163 2669 219 2704 ler
265 2670 434 2705 erw‘ahnt
478 2670 646 2714 werden,
695 2671 914 2707 bezeichnet

165 2716 261 2751 auch
287 2716 387 2751 Suet.
414 2717 514 2752 Nero
540 2721 586 2753 46
620 2717 675 2753 als
709 2717 769 2753 ein
798 2729 912 2764 yenus

163 2763 349 2798 hominum
367 2765 638 2809 superstitionis
653 2775 767 2801 novae
780 2776 823 2801 ac
835 2776 910 2800 ma·

164 2810 293 2853 leficae.
346 2810 525 2857 Dagegen
550 2812 653 2847 stellt
677 2811 791 2847 ihnen
815 2811 909 2847 Plin.

163 2855 271 2901 epist.
292 2857 339 2891 ad
362 2858 461 2903 Traj.
486 2862 531 2893 96
558 2859 632 2904 (97)
659 2858 719 2894 ein
743 2859 909 2895 besseres

987 1638 1145 1683 Zeugnis
1189 1650 1274 1674 aus:
1323 1639 1419 1674 nihil
1461 1640 1567 1675 aliud
1609 1640 1735 1676 inveni

986 1696 1095 1730 quam
1119 1686 1410 1730 superstitionem
1430 1697 1588 1731 pravam
1612 1690 1645 1722 et
1669 1688 1734 1723 im—

986 1733 1173 1767 modicam.
1224 1733 1462 1778 Aberglaube
1500 1732 1594 1768 hiess
1628 1733 1736 1779 jeder

987 1778 1248 1815 ausl'andische
1261 1779 1396 1815 Kultus
1409 1779 1531 1816 ausser
1549 1780 1622 1816 den
1639 1781 1736 1827 grie-

987 1826 1180 1869 chischen,
1213 1827 1289 1861 und
1321 1826 1472 1871 gehasst
1496 1827 1649 1862 wurden
1673 1826 1734 1864 die

987 1872 1178 1917 christan,
1216 1873 1303 1909 weil
1340 1873 1394 1909 sie
1433 1874 1554 1909 weder
1593 1874 1734 1911 Gotzen

986 1920 1084 1955 noch
1109 1920 1176 1955 das
1201 1919 1288 1956 Bild
1313 1920 1377 1956 des
1401 1920 1550 1957 Kaisers
1575 1921 1734 1958 adoriet-

986 1967 1052 2001 ten
1076 1967 1153 2002 und
1178 1967 1264 2003 weil
1289 1967 1342 2003 sie
1367 1968 1439 2003 den
1464 1968 1640 2014 Umgang
1663 1969 1734 2005 mit

986 2013 1132 2049 Heiden
1150 2013 1375 2050 vermieden.
1409 2015 1455 2051 So
1474 2014 1646 2052 exklusiv
1657 2027 1735 2052 war

986 2060 1097 2097 keine
1121 2061 1246 2097 Sekte.
1297 2061 1450 2098 Tacitus
1474 2062 1558 2098 halt
1581 2063 1642 2098 die
1661 2062 1732 2099 Ge-

986 2108 1117 2144 rfichte
1142 2109 1235 2144 fiber
1260 2108 1312 2144 sie
1337 2121 1400 2144 um
1426 2120 1467 2145 so
1488 2109 1576 2145 eher
1593 2109 1653 2144 fiir
1670 2109 1735 2146 be-

987 2155 1158 2200 gri'indet‚
1178 2155 1227 2190 da
1245 2155 1323 2190 ihm
1342 2155 1603 2192 orientalische
1617 2156 1730 2193 Kulte

985 2213 1059 2238 von
1096 2202 1162 2237 der
1198 2202 1426 2248 traurigsten
1458 2203 1527 2238 Art
1562 2203 1731 2240 bekannt

984 2260 1120 2285 waren.

1035 2299 1089 2332 15.
1120 2297 1333 2341 pudendus,
1359 2296 1622 2343 ursprunglioh
1644 2307 1732 2343 poe-

984 2342 1083 2378 tisch
1120 2344 1195 2378 und
1227 2345 1303 2379 eret
1334 2344 1407 2379 seit
1437 2344 1564 2379 Livius
1596 2344 1636 2380 in
1666 2344 1732 2380 der

984 2389 1111 2434 Prosa,
1131 2390 1228 2425 auch
1247 2390 1335 2426 dial.
1356 2394 1413 2427 32.
1434 2390 1521 2427 hist.
1542 2394 1576 2436 2,
1596 2394 1653 2426 61.
1673 2394 1729 2428 90.

986 2437 1259 2482 Unpersonlich
1288 2438 1402 2474 sehon
1427 2439 1488 2474 bei
1513 2438 1658 2475 Cicero:
1689 2441 1732 2474 ut

982 2485 1195 2528 pudendum
1220 2485 1280 2520 sit.

1035 2535 1089 2566 16.
1123 2531 1188 2577 qui
1211 2532 1426 2575 fatebantur
1449 2543 1523 2568 von
1542 2531 1626 2566 dem
1644 2531 1731 2568 reli-

985 2577 1115 2623 giosen
1149 2578 1398 2622 Bekenntnis‚
1435 2578 1497 2614 bei
1525 2577 1619 2613 Plin.
1651 2579 1679 2614 Ι.
1704 2579 1729 2614 l.

985 2625 1200 2669 confitentes.

1035 2675 1090 2707 18.
1124 2673 1207 2707 odio
1239 2673 1361 2717 hangt
1383 2683 1457 2708 von
1481 2672 1523 2707 in
1548 2671 1612 2716 ab3
1643 2683 1730 2717 man

984 2718 1244 2764 verdachtigte
1278 2720 1331 2755 sie
1357 2719 1421 2755 des
1445 2718 1584 2754 Hasses
1607 2731 1729 2765 gegen

984 2765 1050 2801 das
1083 2765 1506 2812 Menschengeschlecht.
1564 2765 1600 2801 S.
1633 2766 1731 2803 oben

983 2825 1028 2847 zu
1060 2813 1097 2849 Z.
1126 2817 1181 2849 11.
1216 2834 1259 2838 —
1291 2813 1476 2848 convietus
1505 2813 1548 2848 in
1580 2824 1636 2857 re,
1667 2813 1730 2850 bei

983 2859 1070 2896 Tac.
1096 2855 1162 2895 ἅπ.
1184 2858 1262 2905 εἰει,
1292 2859 1388 2896 auch
1411 2859 1474 2895 bei
1499 2858 1626 2897 Cicero
1652 2861 1728 2898 und
