1800 3106
185 130 242 173 36
614 130 843 167 CORNELII
869 121 1033 167 TAOITI
1057 129 1320 181 ANNALIUM

184 239 297 281 filias
335 238 552 295 coniugia:
591 238 664 281 sed
703 239 799 281 aliis
839 239 1041 295 gentibus
1074 238 1320 293 sollemnia,
1360 253 1498 294 neque
1529 239 1626 295 lege
1656 239 1746 284 ulla

184 297 421 353 prohibita,
454 300 497 339 et
528 298 814 340 sobrinarium
847 298 919 340 diu
950 299 1152 354 ignorata
1181 301 1374 352 tempore
1406 298 1548 340 addito
1580 312 1745 353 percre-

189 356 364 400 bruisse.
413 371 577 399 morem
608 357 920 399 accommodari
946 359 1073 412 prout
1098 356 1322 412 conducat,
1353 358 1396 398 et
1419 357 1511 399 fore
1536 357 1618 400 hoc
1645 371 1746 413 quo-

117 424 160 456 15
186 429 267 470 que
298 416 344 457 in
374 415 428 457 iis
461 430 570 470 quae
600 430 700 458 mox
730 418 1002 470 usurpentur.
1074 446 1080 450 -

147 475 169 515 7
303 473 432 516 Haud
458 475 627 516 defuere
654 474 727 529 qui
751 475 959 529 certatim,
991 475 1027 516 si
1058 476 1329 516 cunctaretur
1355 472 1525 529 Caesar,
1555 474 1599 516 vi
1629 476 1746 516 actu-

184 548 256 576 ros
287 533 569 575 testificantes
603 535 874 587 erumperent
904 533 1032 574 curia.
1083 533 1366 589 conglobatur
1395 533 1610 588 promisca
1639 533 1747 575 mul-

184 591 325 634 titudo
356 592 648 646 populumque
672 585 917 633 Romanum
943 591 1091 633 eadem
1116 606 1240 634 orare
1266 592 1469 634 clamitat.
1517 606 1597 634 1100
1621 590 1747 634 Olau-

186 650 280 692 dius
317 651 433 692 ultra
472 651 718 704 exspectato
757 650 908 692 obvius
947 650 1062 704 apud
1097 651 1239 693 forum
1276 651 1454 706 praebet
1492 664 1536 692 se
1574 652 1746 707 gratan-

139 719 160 751 5
185 709 319 763 tibus,
370 710 650 763 senatumque
698 708 919 763 ingressus
963 709 1178 751 decretum
1220 710 1430 764 postulat,
1480 723 1564 765 quo
1607 709 1748 752 iustae

185 768 299 809 inter
329 769 507 821 patruos
538 767 808 822 fratrumque
838 767 950 809 filias
981 768 1160 822 nuptiae
1192 769 1321 810 etiam
1345 769 1392 810 in
1416 771 1638 823 posterum
1664 770 1748 811 sta-

185 828 419 868 tuerentur.
480 840 559 868 nec
589 828 736 868 tamen
767 828 963 881 repertus
996 829 1062 868 est
1091 826 1177 868 nisi
1207 841 1319 868 unus
1349 827 1452 869 talis
1483 826 1749 869 matrimonii

186 885 366 940 cupitor,
392 885 587 927 Alledius
615 884 794 927 Severus
821 899 948 939 eques
974 885 1208 940 Romanus,
1234 899 1358 940 quem
1382 886 1573 941 plerique
1592 885 1749 941 Agrip-

185 944 312 999 pinae
345 944 488 999 gratia
518 944 738 999 inpulsum
767 943 974 986 ferebant.
1024 958 1150 986 versa
1182 957 1233 985 ex
1265 958 1314 986 eo
1346 945 1496 986 civitas
1531 946 1574 986 et
1598 947 1754 987 cuncta

118 1014 161 1046 10
186 1003 370 1045 feminae
408 1002 713 1057 oboediebant,
751 1016 842 1044 non
872 1017 948 1057 per
978 1002 1221 1056 lasciviam,
1258 1005 1308 1044 ut
1338 1001 1589 1058 Messalina,
1625 1003 1752 1045 rebus

186 1061 395 1103 Romanis
427 1061 649 1103 inludenti.
700 1060 930 1103 adductum
962 1064 1005 1103 et
1037 1061 1158 1116 quasi
1190 1061 1310 1103 virile
1335 1061 1576 1103 servitium:
1606 1061 1752 1116 palam

186 1120 392 1163 severitas
431 1135 480 1162 ac
516 1120 686 1175 saepius
719 1120 937 1175 superbia,
973 1120 1084 1162 nihil
1115 1120 1231 1163 domi
1261 1120 1528 1175 inpudicum,
1564 1120 1649 1162 nisi
1680 1119 1752 1162 do-

185 1179 415 1222 minationi
453 1179 682 1234 expediret.
745 1179 898 1234 cupido
931 1180 1024 1222 auri
1055 1180 1266 1221 immensa
1297 1179 1521 1221 obtentum
1552 1179 1753 1234 habebat,

187 1238 311 1292 quasi
343 1238 582 1280 subsidium
613 1252 749 1294 regno
780 1240 1019 1292 pararetur.

146 1298 172 1339 8
304 1295 386 1338 Die
429 1297 681 1352 nuptiarum
726 1296 897 1339 Silanus
941 1299 1125 1339 mortem
1169 1297 1252 1339 sibi
1296 1297 1523 1351 conscivit,
1570 1296 1658 1339 sive
1702 1309 1752 1339 eo

186 1370 322 1411 usque
355 1370 474 1411 spem
507 1356 621 1398 vitae
650 1356 922 1411 produxerat,
954 1371 1028 1398 seu
1054 1355 1218 1398 delecto
1245 1356 1313 1398 die
1341 1355 1584 1411 augendam
1610 1355 1663 1397 ad
1687 1355 1753 1397 in-

187 1414 357 1458 vidiam.
415 1414 595 1457 Calvina
628 1430 750 1458 soror
782 1415 872 1457 cius
902 1414 1033 1457 Italia
1063 1415 1189 1469 pulsa
1221 1417 1299 1457 est.
1355 1414 1520 1457 addidit
1550 1413 1753 1457 Claudius

189 1488 309 1516 sacra
351 1488 401 1515 ex
444 1474 611 1530 legibus
649 1474 765 1516 Tulli
807 1474 921 1529 regis
964 1474 1217 1529 piaculaque
1255 1473 1368 1528 apud
1404 1474 1548 1516 lucum
1584 1472 1753 1515 Dianae

142 1544 162 1574 5
187 1547 265 1587 per
300 1533 525 1587 pontifices
563 1533 721 1588 danda,
758 1533 1043 1575 inridentibus
1082 1533 1264 1587 cunctis,
1304 1532 1418 1587 quod
1456 1546 1622 1587 poenae
1656 1544 1752 1587 pro-

238 1675 293 1706 12.
313 1671 487 1716 coniugia
504 1671 557 1714 in,
576 1670 645 1706 πίε
666 1670 735 1716 Kp.
756 1673 801 1706 25
821 1671 933 1715 adop-

189 1719 240 1754 tio
277 1719 320 1754 in
350 1718 572 1761 Domitium,
602 1717 730 1753 beides
765 1715 831 1754 ἅπ.
864 1717 931 1761 elo.

188 1765 285 1801 nach
308 1765 492 1810 Analogie
522 1776 596 1800 von
628 1769 661 1810 6,
688 1768 732 1800 27
765 1766 936 1810 denupsit

187 1814 230 1848 in
260 1813 405 1849 domum
435 1812 607 1848 Rubellii.
659 1811 734 1847 Cic.
767 1824 802 1857 p.
835 1811 934 1848 Cael.

191 1863 236 1894 14
277 1870 358 1895 cum
395 1870 439 1894 ex
476 1860 697 1904 amplissimo
733 1870 858 1904 yenere
893 1860 936 1895 in

188 1907 372 1951 familiam
397 1907 637 1942 clarissimam
661 1907 853 1951 nupsisses.

239 1957 294 1990 13.
333 1953 508 1989 Vitellius
539 1953 675 1999 meint,
707 1963 816 1989 wenn
840 1953 938 1989 auch

189 2000 296 2037 nicht
325 2000 395 2036 mit
425 2001 680 2046 consobrinae,
713 2001 815 2037 scien
840 2001 937 2038 doch

189 2047 513 2094 Verheiratungen
549 2049 620 2084 mit
650 2050 819 2085 sobrinae
852 2060 937 2085 vor-

190 2095 424 2140 gekommen.
486 2096 554 2130 Bei
596 2095 676 2132 Liv.
720 2099 778 2140 42,
822 2100 877 2142 34,
916 2100 937 2131 3

190 2141 352 2177 heiratet
371 2142 525 2188 jemand
545 2143 634 2178 aber
654 2143 749 2178 auch
769 2143 829 2178 die
850 2155 935 2180 con-

190 2188 350 2224 sobrina.
417 2189 682 2234 Ungesetzlich
729 2201 807 2226 war
857 2190 936 2226 dies

189 2235 311 2281 nicht,
350 2236 508 2271 sondern
537 2248 608 2271 nur
638 2237 936 2282 ungewfihnlich,

188 2283 285 2318 nach
310 2282 486 2318 Plutarch
518 2294 629 2328 sogar
661 2283 777 2319 durch
802 2284 935 2320 Volks-

189 2328 375 2365 beschluss
402 2329 666 2365 ausdrficklich
692 2332 883 2376 gestattet.

239 2423 280 2459 7:
309 2427 341 2459 2.
368 2424 616 2469 conglobatur,
642 2424 711 2460 wie
731 2425 801 2470 ΚΡ,
822 2429 865 2460 31
892 2436 937 2461 ne

188 2481 320 2506 rursus
344 2471 655 2516 conylobarentur.
702 2475 755 2516 14,
783 2476 827 2507 32
853 2476 936 2508 tem-

187 2518 303 2562 plum,
328 2518 370 2553 in
388 2529 458 2563 quo
476 2529 512 2554 se
529 2519 631 2554 miles
650 2520 936 2565 conylobaverat.

192 2568 223 2607 1,
249 2567 294 2599 35
321 2566 535 2610 conylobata
560 2566 656 2601 inter
681 2577 717 2601 se
735 2577 830 2612 pars
854 2577 937 2602 con-

189 2611 312 2646 tionis.
360 2611 403 2646 111
435 2611 575 2648 diesem
607 2612 718 2649 Sinne
750 2614 846 2649 auch
876 2614 938 2649 bei

192 2658 335 2693 Sallust
358 2659 434 2694 und
460 2660 659 2695 besonders
685 2660 748 2696 bei
772 2660 911 2697 Livius.

194 2708 271 2785 ll4.
298 2710 508 2751 exspectato.
542 2706 713 2743 Dieselbe
737 2707 938 2753 Wendung

240 2778 248 2794 ,
275 2755 330 2788 26.

239 2801 271 2832 7.
309 2800 453 2844 cupitor
483 2800 600 2835 findet
631 2800 710 2836 sich
740 2811 810 2835 nur
840 2800 936 2836 noch

194 2846 249 2887 15,
275 2848 319 2879 42
346 2846 422 2880 und
446 2847 507 2882 bei
532 2847 723 2892 Sp'ateren.

240 2894 294 2927 11.
340 2893 520 2929 adductus
561 2894 707 2939 „stt-aff,
751 2894 936 2940 strenge“‚

1008 1670 1089 1706 eine
1103 1670 1312 1716 Metapher,
1332 1670 1393 1706 die
1406 1681 1493 1706 vom
1507 1669 1755 1706 Straffziehen

1008 1717 1074 1753 der
1098 1718 1213 1763 Zfigel
1244 1718 1437 1762 (adducere
1467 1718 1640 1763 habenas)
1673 1719 1754 1753 ent-

1006 1765 1114 1800 lehnt
1137 1764 1196 1800 ist.
1238 1764 1286 1800 So
1313 1763 1409 1799 efter
1427 1763 1489 1800 bei
1507 1764 1660 1800 Tacitus
1675 1764 1755 1799 und

1007 1812 1220 1856 uberhaupt
1243 1811 1295 1846 im
1320 1811 1507 1847 silbernen
1531 1810 1675 1848 Latein,

1058 1862 1114 1893 12.
1138 1859 1215 1894 nisi
1238 1859 1484 1894 dominationi
1507 1859 1572 1895 ott.
1609 1858 1666 1893 Im
1683 1858 1754 1894 fol-

1008 1905 1154 1951 genden
1178 1906 1271 1941 wird
1296 1905 1454 1950 erz'ahlt‚
1487 1905 1568 1941 dass
1596 1904 1650 1941 sie
1674 1904 1754 1942 sich

1010 1954 1095 1988 dem
1125 1952 1250 1988 Pallas
1287 1952 1478 1998 preisgab,
1515 1952 1603 1989 weil
1634 1951 1755 1988 dieser

1009 1999 1069 2036 ihr
1093 2012 1176 2036 zum
1202 1999 1350 2036 'Phrone
1373 1999 1578 2036 verholfen.

1061 2052 1116 2083 13.
1142 2049 1276 2093 cupido
1295 2048 1392 2084 auo-i.
1419 2046 1526 2083 Auch
1545 2046 1585 2083 in
1601 2048 1673 2083 den
1685 2047 1754 2084 fol-

1012 2094 1160 2141 genden
1177 2095 1347 2131 Bfichern
1371 2095 1465 2130 wird
1489 2094 1570 2130 ihre
1588 2094 1755 2140 Habgier

1011 2142 1231 2178 wiederholt
1255 2143 1422 2188 bezeugt.

1058 2236 1096 2272 8.
1133 2240 1163 2271 1.
1190 2235 1259 2272 Die
1277 2235 1482 2272 klassische
1501 2236 1640 2272 Phrase
1658 2245 1754 2273 mor—

1009 2287 1077 2319 tem
1118 2284 1190 2319 sibi
1232 2284 1446 2319 consciscere
1482 2283 1532 2319 ist
1568 2283 1629 2319 bei
1664 2283 1752 2319 Tac.

1009 2331 1138 2366 selten.
1201 2331 1318 2365 Dafi’ir
1360 2331 1429 2366 hat
1469 2341 1508 2366 er
1544 2329 1753 2366 zahlreiche

1008 2377 1256 2423 Wendungen
1291 2377 1362 2413 πίε
1399 2388 1437 2413 se
1465 2377 1679 2422 interficere,
1716 2387 1754 2413 se

1009 2425 1089 2460 vita
1106 2426 1276 2470 privare,
1303 2425 1416 2460 vitam
1439 2425 1564 2469 finire,
1588 2424 1659 2459 vim
1681 2424 1754 2460 sibi

1010 2472 1152 2516 afferre,
1176 2483 1246 2508 sua
1269 2483 1383 2508 manu
1408 2472 1533 2507 cadere
1556 2482 1590 2506 u.
1616 2481 1650 2506 a.
1675 2482 1724 2506 m.

1058 2523 1090 2554 3.
1116 2520 1232 2564 pulsa
1256 2523 1316 2554 est.
1339 2522 1394 2564 14,
1416 2522 1458 2553 12
1477 2517 1663 2553 berichtet
1681 2517 1752 2554 'Pa-

1011 2565 1122 2611 citus,
1160 2565 1241 2601 dass
1278 2566 1391 2601 Junia
1425 2564 1579 2600 Calvina
1616 2565 1752 2609 apator,

1008 2613 1106 2648 nach
1131 2612 1215 2648 dem
1235 2613 1338 2648 Tode
1358 2612 1423 2648 der
1441 2611 1659 2657 Agrippina,
1685 2622 1752 2648 aus

1011 2660 1078 2695 der
1104 2659 1359 2705 Verbannung
1382 2657 1662 2694 zurfickkehrte.

1058 2710 1091 2743 4.
1121 2707 1236 2750 Tulli,
1255 2705 1419 2742 numlich
1438 2704 1600 2741 Hostilii.
1619 2725 1667 2732 —
1679 2705 1751 2741 Wo

1010 2753 1075 2789 der
1099 2753 1198 2789 Hain
1222 2753 1288 2789 der
1312 2752 1432 2788 Diana
1455 2751 1535 2797 lag,
1559 2752 1610 2787 ist
1635 2752 1752 2788 unbe-

1009 2801 1140 2836 kannt.
1189 2799 1386 2845 Der‘enige
1410 2799 1472 2835 bei
1496 2798 1639 2843 Aricia,
1671 2799 1753 2835 drei

1009 2847 1146 2883 Meilen
1170 2858 1243 2883 von
1297 2857 1357 2882 om
1376 2857 1424 2881 an
1443 2845 1510 2882 der
1527 2845 1600 2882 Via
1617 2846 1752 2893 Appia,

1010 2894 1155 2930 scheint
1178 2904 1217 2929 es
1243 2893 1348 2929 nicht
1372 2905 1415 2928 zu
1441 2893 1530 2930 sein.
