1760 3120
580 109 726 146 LIBER
749 111 778 148 Ι.
828 110 928 147 CAP.
951 114 1100 148 15-1‘1.
1566 111 1622 155 53

63 219 268 275 praebere
300 233 436 274 aures,
468 219 651 274 denique
675 219 823 262 luxum
850 222 894 262 et
919 219 1056 261 otium
1084 233 1251 275 cupere,
1283 219 1553 275 disciplinam
1580 223 1625 263 et

62 279 256 322 laborem
283 278 512 333 aspernari.
562 281 654 320 erat
678 278 724 320 in
750 279 905 322 castris
923 278 1183 321 Percennius
1210 278 1385 334 quidam
1411 279 1495 321 dux
1521 280 1625 322 olim

62 337 338 380 theatralium
370 351 618 393 operarum,
649 337 747 380 dein
778 339 1001 394 gregarius
1032 338 1178 393 miles,
1208 352 1369 393 procax
1399 339 1550 394 lingua
1583 341 1626 380 et
1657 350 1701 381 10

63 397 240 440 miscere
271 399 418 439 coetus
455 396 706 440 histrionali
747 397 889 440 studio
922 397 1086 440 doctus.
1147 397 1184 439 is
1215 398 1426 453 inperitos
1459 398 1626 440 animos

64 459 107 499 et
137 469 349 511 quaenam
380 458 480 511 post
510 455 758 512 Augustum
794 457 979 499 militiae
1017 456 1210 500 condicio
1251 457 1524 512 ambigentes
1562 457 1628 499 in-

62 515 222 572 pellere
260 515 468 570 paulatim
504 516 727 558 nocturnis
767 516 1007 572 conloquiis
1046 518 1121 558 aut
1162 515 1274 559 flexo
1317 516 1363 558 in
1403 531 1628 572 vesperam

65 574 133 617 die
164 576 208 616 et
239 573 417 630 dilapsis
448 575 699 618 melioribus
731 575 1009 618 deterrimum
1040 589 1251 630 quemque
1283 589 1559 632 congregare.

182 632 410 676 Postremo
441 634 655 690 promptis
687 634 775 676 iam
807 637 852 677 et
883 635 979 677 aliis
1012 635 1235 677 seditionis
1268 635 1480 678 ministris
1509 635 1628 678 velut
1645 636 1696 678 17

64 692 439 736 contionabundus
470 693 783 750 interrogabat,
815 709 889 737 cur
914 694 1062 750 paucis
1089 694 1423 751 centurionibus,
1455 695 1627 750 paucio-

62 752 182 794 ribus
206 752 395 794 tribunis
420 752 465 794 in
491 753 665 795 modum
692 768 911 796 servorum
938 753 1202 796 oboedirent.
1252 755 1423 809 quando
1445 769 1627 796 ausuros

64 814 293 866 exposcere
323 812 532 867 remedia,
568 812 652 854 nisi
688 827 850 855 novum
882 815 925 855 et
954 815 1185 856 nutantem
1217 813 1355 856 adhuc
1387 814 1628 869 principem

63 871 265 927 precibus
290 871 358 913 vel
391 871 522 914 armis
549 871 747 914 adirent?
792 872 898 915 satis
923 887 1000 928 per
1023 875 1093 915 tot
1116 887 1252 915 annos
1278 873 1454 929 ignavia
1479 887 1628 928 pecca·
1654 882 1675 914 5

63 933 170 984 tum,
202 930 316 986 quod
345 931 511 973 tricena
543 933 618 973 aut
648 931 925 988 quadragena
957 932 1174 987 stipendia
1205 946 1327 975 senes
1361 935 1404 975 et
1434 932 1629 989 plerique

65 992 265 1032 truncato
305 1005 357 1032 ex
394 990 642 1033 vulneribus
682 1005 860 1046 corpore
891 992 1088 1034 tolerent.
1149 1006 1202 1033 ne
1236 991 1425 1034 dimissis
1457 991 1629 1047 quidem

62 1049 192 1091 finem
224 1063 317 1091 esse
348 1049 544 1103 militiae,
575 1049 650 1092 sed
682 1050 794 1106 apud
821 1051 1024 1093 vexillum
1050 1050 1275 1093 tendentes
1307 1051 1392 1094 alio
1418 1051 1628 1094 vocabulo

66 1108 240 1151 eosdem
266 1108 438 1151 labores
463 1109 662 1164 perferre.
712 1124 761 1152 ac
793 1110 831 1152 si
863 1110 958 1166 quis
989 1112 1057 1152 tot
1083 1124 1207 1152 casus
1233 1110 1323 1153 vita
1350 1110 1629 1166 superaverit,

64 1167 181 1209 trahi
202 1167 340 1210 adhuc
365 1168 555 1210 diversas
581 1168 626 1210 in
650 1171 802 1222 terras,
826 1169 903 1212 ubi
926 1184 1004 1225 per
1027 1183 1186 1211 nomen
1212 1183 1414 1226 agrorum
1440 1169 1627 1225 uligines
1655 1180 1699 1212 10

67 1226 275 1282 paludum
314 1227 384 1269 vel
424 1228 586 1270 inculta
626 1228 839 1270 montium
882 1228 1104 1284 accipiant.
1167 1229 1385 1272 enimvero
1425 1229 1628 1272 militiam

65 1286 206 1341 ipsam
244 1299 437 1342 gravem,
474 1286 804 1330 infructuosam:
843 1287 963 1330 denis
1003 1288 1048 1330 in
1086 1288 1198 1330 diem
1237 1288 1406 1331 assibus
1439 1289 1629 1331 animam

65 1349 110 1387 et
134 1359 287 1400 corpus
313 1346 547 1389 aestimari.
589 1346 690 1388 hinc
714 1350 877 1389 vestem
904 1362 1026 1390 arma
1050 1347 1248 1402 tentoria,
1272 1347 1375 1390 hinc
1401 1348 1628 1391 saevitiam

65 1403 366 1447 centurionum
404 1407 448 1447 et
483 1405 730 1448 vacationes
767 1420 992 1448 munerum
1029 1406 1193 1449 redimi.
1257 1409 1303 1449 at
1333 1407 1506 1450 hercule
1538 1421 1629 1450 ver-

65 1463 170 1505 bera
209 1466 252 1511 et
291 1464 486 1519 vulnera,
530 1464 681 1507 duram
721 1465 925 1520 hiemem,
968 1466 1177 1509 exercitas
1219 1469 1426 1522 aestates,
1466 1467 1628 1509 bellum
1656 1477 1699 1510 15

67 1525 190 1565 atrox
227 1525 302 1565 aut
339 1523 530 1566 sterilem
560 1539 711 1579 pacem
745 1525 1016 1580 sempiterna.
1076 1540 1155 1567 nec
1187 1525 1303 1568 aliud
1334 1526 1628 1569 levamentum

66 1596 196 1637 quam
228 1582 266 1624 si
297 1583 424 1625 certis
457 1583 534 1625 sub
566 1583 734 1639 legibus
766 1584 924 1626 militia
953 1585 1152 1640 iniretur,
1190 1587 1239 1627 ut
1272 1585 1468 1641 singulos
1501 1586 1629 1628 dena-

66 1641 157 1684 rios
189 1644 418 1698 mererent,
455 1645 600 1685 sextus
633 1643 832 1686 decumus
866 1644 1067 1699 stipendii
1100 1659 1236 1687 annus
1268 1645 1399 1688 finem
1431 1645 1629 1700 adferret,

119 1796 174 1829 10.
195 1793 264 1830 Die
282 1795 476 1831 theatrales
494 1806 623 1840 operae
642 1795 812 1831 bildeten

65 1840 125 1876 die
152 1839 291 1886 Claque
323 1841 377 1876 im
401 1842 581 1887 Theater‚
612 1843 683 1879 wie
713 1843 812 1879 noch

62 1887 160 1934 Jetzt
188 1888 228 1924 in
260 1888 412 1934 grossen
437 1889 604 1925 stacten.
656 1890 811 1926 Percen-

68 1934 153 1969 nius
184 1935 291 1971 hatte
325 1936 404 1971 sich
429 1937 485 1972 als
510 1937 570 1972 ihr
593 1937 735 1973 Fiihrer
759 1937 812 1972 im

71 1981 422 2028 Wfihlergeschafte
447 1984 574 2029 gefibt.

116 2044 160 2076 12
195 2045 228 2078 et
257 2053 444 2087 quaenam.
495 2033 596 2079 Uber
628 2042 694 2078 das
728 2054 811 2079 aus-

70 2089 264 2134 gelassene
288 2091 381 2133 foret
405 2101 432 2127 s.
454 2089 550 2126 Einl.
571 2093 601 2133 ξ.
622 2094 680 2126 20.

121 2151 176 2183 13.
201 2149 295 2193 flexo
319 2149 361 2184 in
384 2160 568 2194 vesperam
592 2150 661 2185 die.
705 2149 812 2186 Hier-

71 2194 132 2230 fi'ir
162 2196 230 2231 hat
254 2195 340 2232 Tac.
369 2196 450 2232 eine
481 2197 605 2232 reiche
630 2196 812 2234 Phraseo-

0 2289 3 2293 ἱ
74 2241 192 2289 logiez
233 2244 446 2289 propinqua
481 2255 647 2289 vespera,
689 2245 812 2280 inum-

72 2290 201 2326 brante
236 2301 400 2336 vespera,
442 2296 704 2337 vesperascente
742 2293 813 2338 die,

70 2341 225 2373 extremo
249 2338 308 2374 die
331 2350 366 2373 u.
388 2338 464 2385 dgl.
484 2351 532 2374 m.

117 2396 181 2432 17.
227 2401 258 2432 1.
302 2397 379 2433 iam
414 2402 448 2433 et
483 2399 568 2444 sagt
600 2399 686 2434 Tac.
719 2399 812 2435 stets

68 2445 176 2527 3:523
179 2519 186 2527 ι
197 2444 261 2479 des
295 2445 463 2481 schlecht
486 2446 714 2491 klingenden
738 2447 813 2483 iam

117 2554 149 2587 7.
187 2562 249 2594 em,
283 2550 353 2587 wie
389 2551 446 2598 c'p.
473 2554 519 2587 35
551 2529 736 2589 cicatrices
769 2564 813 2590 ex

67 2598 290 2634 vulneribus.
324 2619 371 2625 —
404 2603 576 2636 truncare
613 2599 664 2636 ist
699 2601 812 2636 nach-

67 2644 260 2681 klassisch.

118 2707 151 2740 8.
166 2705 240 2740 alio
252 2705 437 2748 vocabulo,
450 2705 615 2741 n’axnlich
624 2707 813 2743 vex-illarii

8 2771 20 2788 0
73 2751 162 2787 oder
195 2753 330 2788 vexilla
366 2756 634 2798 veteranorum,
671 2753 813 2790 welche

0 2820 1 2826 κ
71 2798 132 2834 fiir
165 2799 245 2835 sich
275 2799 494 2844 bestanden,
525 2801 631 2837 nicht
661 2813 706 2836 zu
731 2811 814 2837 ver—

76 2845 261 2882 wechseln
303 2847 374 2882 mit
417 2846 489 2883 den
525 2848 814 2884 Detachements

74 2892 138 2928 der
163 2892 319 2939 fibrigen
338 2893 523 2941 Truppen,
550 2895 610 2930 die
631 2895 814 2932 ebenfalls

883 1797 1018 1833 veaeilla
1028 1796 1174 1832 hiessen
1187 1796 1264 1832 und
1277 1810 1321 1833 zu
1331 1796 1629 1843 voriibergehen-

885 1844 957 1880 den
982 1844 1162 1880 Zwecken
1189 1844 1387 1880 entsendet
1412 1845 1574 1881 wurden.

934 1895 988 1927 10.
1022 1892 1182 1927 diversas
1207 1892 1465 1937 ,‚entlegene“,
1497 1891 1568 1928 wie
1594 1895 1628 1936 4,

884 1942 929 1974 46
960 1939 1038 1982 fore
1068 1943 1111 1975 ut
1140 1940 1302 1975 diversas
1332 1940 1374 1974 in
1405 1943 1520 1975 terras
1551 1943 1627 1975 tra-

883 1986 1066 2028 herentur,
1091 1986 1167 2021 und
1192 1997 1232 2022 so
1258 1985 1364 2021 efter.
1391 2006 1438 2012 —
1470 1987 1630 2032 uliyines

881 2033 1079 2077 paludum,
1112 2033 1172 2068 ein
1198 2033 1400 2069 Genetivus
1423 2034 1630 2080 appositio-

882 2080 989 2115 nalis.
1017 2080 1104 2116 hist.
1125 2084 1158 2125 3,
1184 2085 1229 2117 27
1249 2081 1419 2126 pondera
1444 2091 1628 2118 saccorum.

884 2148 927 2153 -
958 2118 1059 2210 ὕδει·
1088 2129 1231 2165 inculta
1261 2129 1439 2165 montium
1472 2141 1499 2164 s.
1530 2129 1627 2164 Einl.

884 2178 915 2218 ς.
935 2178 992 2220 40,
1040 2202 1048 2211 .

934 2226 987 2257 14.
1015 2223 1146 2258 redimi
1165 2222 1199 2257 d.
1217 2222 1253 2257 h.
1275 2223 1328 2259 sie
1349 2223 1529 2260 erkaufen
1548 2223 1628 2259 sich

885 2269 1092 2315 gleichsam
1138 2269 1199 2306 die
1236 2271 1345 2306 harte
1383 2271 1629 2317 Behandlung

886 2317 952 2352 der
972 2316 1232 2363 Centurionen,
1259 2318 1400 2354 welche
1425 2317 1540 2354 ihnen
1559 2318 1628 2354 das

887 2363 981 2400 Geld
1012 2365 1229 2410 abpressen;
1263 2366 1364 2402 dann
1389 2367 1467 2402 erst
1491 2365 1630 2412 erfolgt

885 2410 946 2448 die
971 2413 1127 2449 vacatio.

934 2474 989 2506 17.
1024 2471 1090 2506 sub
1127 2471 1281 2517 lacibus,
1315 2471 1386 2508 wie
1419 2472 1520 2508 Suet.
1547 2471 1628 2508 Oct.

886 2521 930 2552 21
957 2518 1023 2553 sub
1049 2519 1121 2564 leye
1145 2530 1190 2554 ne
1214 2523 1273 2555 ctt.
1324 2519 1404 2554 Liv.
1432 2524 1464 2563 6,
1491 2523 1537 2555 40
1561 2520 1629 2555 sub

885 2566 1105 2601 condicione.
1157 2570 1213 2611 21,
1244 2570 1286 2602 12
1312 2567 1378 2602 sub
1404 2567 1628 2603 condicioni-

886 2613 952 2648 bus
975 2613 1041 2648 his.
1077 2633 1119 2638 —
1154 2614 1336 2650 denarios.
1387 2613 1461 2650 Der
1491 2613 1626 2659 Denar,
1661 2629 1668 2636 ·

885 2659 949 2694 der
985 2659 1111 2695 frfiher
1145 2660 1238 2696 zehn
1272 2661 1438 2696 schwere
1471 2661 1628 2707 Kupfer-

885 2717 967 2742 asse
1005 2708 1099 2742 wert
1132 2718 1224 2753 war,
1266 2708 1348 2754 galt
1382 2707 1454 2744 seit
1487 2712 1556 2744 217
1592 2721 1627 2744 v.

886 2752 969 2789 Chr.
1008 2758 1051 2789 16
1086 2754 1223 2791 leichte
1258 2757 1349 2791 Asse
1383 2755 1473 2792 oder
1507 2759 1528 2791 3
1565 2755 1628 2791 Se-

887 2802 1041 2836 sterzen.
1067 2800 1161 2838 Plin.
1173 2806 1230 2847 33,
1243 2806 1273 2846 5.
1284 2807 1330 2839 46
1340 2807 1469 2848 postea
1476 2803 1628 2839 Hanni-

887 2849 966 2884 bale
1008 2852 1174 2894 urqente,
1219 2850 1258 2896 Q.
1286 2850 1410 2886 Fabio
1454 2851 1629 2887 Maximo

887 2896 1083 2941 dictatore,
1109 2907 1204 2933 asses
1228 2899 1391 2935 unciales
1415 2898 1519 2943 facti,
1540 2899 1627 2944 pla-
