1806 3094
114 461 158 494 15

115 755 160 787 20

114 1048 158 1080 25

114 1214 170 1256 39

138 1459 159 1491 5

117 1753 160 1785 10

118 2046 160 2078 15

187 107 268 150 118
609 107 839 144 CORNELII
861 108 1026 145 TACITI
1048 108 1310 146 ANNALIUM

182 218 346 271 patres,
392 229 646 272 consurgere
685 218 728 258 et
763 230 938 259 numero
979 219 1109 272 atque
1151 219 1292 259 aetate
1332 217 1514 259 liberum
1556 230 1731 259 suorum

183 289 336 330 urgere
366 275 622 318 modestiam
654 277 840 329 senatus,
871 275 1049 317 eandem
1079 275 1167 318 vim
1197 276 1243 317 in
1269 291 1337 318 me
1360 275 1656 318 transmittere
1682 289 1731 317 ac

183 334 299 376 velut
329 334 595 389 perfringere
632 334 862 388 aerarium,
903 334 1016 388 quod
1055 334 1092 375 si
1130 334 1366 377 ambitione
1399 334 1732 388 exhauserimus,

184 407 260 447 per
279 393 438 435 scelera
457 393 739 448 supplendum
765 393 857 435 erit.
900 393 1016 434 dedit
1034 393 1126 448 tibi,
1145 392 1340 448 Hortale,
1365 393 1488 435 divus
1509 393 1731 448 Augustus

183 452 420 507 pecuniam,
451 453 524 494 sed
555 467 642 494 non
673 451 938 506 conpellatus
970 465 1047 493 nec
1079 466 1128 493 ea
1158 452 1254 508 lege
1284 454 1334 494 ut
1358 466 1524 506 semper
1549 451 1732 494 daretur.

183 510 432 566 languescet
464 511 624 565 alioqui
655 510 887 564 industria,
918 510 1162 552 intendetur
1193 511 1406 566 socordia,
1437 511 1473 553 si
1504 510 1650 552 nullus
1681 524 1733 552 ex

185 583 228 610 se
254 571 393 612 metus
419 572 492 611 aut
517 584 627 624 spes,
654 572 695 611 et
715 569 851 611 securi
872 583 1019 611 omnes
1041 569 1178 611 aliena
1199 570 1392 612 subsidia
1410 569 1733 624 exspectabunt,

185 627 267 670 sibi
297 628 460 684 ignavi,
498 628 622 670 nobis
661 626 840 683 graves.'
902 627 1005 670 haee
1037 631 1166 683 atque
1197 629 1315 684 talia,
1346 643 1606 683 quamquam
1637 641 1733 670 cum

185 686 366 729 adsensu
392 686 537 729 audita
563 687 616 728 ab
642 687 713 742 iis,
746 687 900 742 quibus
927 687 1072 729 omnia
1102 687 1364 742 principum,
1396 687 1578 730 honesta
1603 690 1733 742 atque

184 745 425 800 inhonesta,
456 746 629 787 laudare
660 760 754 787 mos
787 748 864 799 est,
894 746 1038 800 plures
1069 760 1145 800 per
1177 747 1394 788 silentium
1419 748 1494 788 aut
1519 745 1734 788 occultum

185 819 378 846 murmur
415 818 625 859 excepere.
697 805 914 858 sensitque
951 803 1164 859 Tiberiu83
1208 808 1251 846 et
1289 819 1384 847 cum
1421 805 1597 860 paulum
1633 804 1735 846 reti-

185 863 362 918 cuisset,
386 863 568 905 Hortalo
596 877 640 904 se
666 863 932 918 respondisse
965 863 1043 905 ait:
1075 866 1264 905 ceterum
1290 864 1327 905 si
1352 864 1547 919 patribus
1572 863 1735 906 videre·

184 924 275 976 tur,
313 922 509 964 daturum
542 921 688 964 liberis
720 922 809 963 eius
841 921 1003 964 ducena
1035 923 1232 964 sestertia
1264 922 1464 978 singulis,
1503 923 1576 978 qui
1608 936 1732 964 sexus

185 980 322 1022 virilis
364 983 517 1023 essent.
570 994 702 1036 egere
744 980 819 1021 alii
859 983 1022 1035 grates:
1064 981 1183 1022 siluit
1219 980 1447 1036 Hortalus,
1486 995 1643 1036 pavore
1679 995 1735 1022 an

186 1039 325 1081 avitae
345 1039 592 1082 nobilitatis
613 1039 742 1081 etiam
761 1039 872 1081 inter
892 1040 1114 1095 angustias
1134 1039 1332 1082 fortunae
1351 1040 1550 1082 retinens.
1595 1054 1734 1094 neque

187 1098 414 1140 miseratus
447 1101 514 1140 est
544 1098 724 1153 posthac
756 1097 967 1152 Tiberius,
998 1099 1193 1153 quamvis
1225 1099 1376 1141 domus
1408 1098 1629 1140 Hortensii
1659 1113 1734 1154 pu-

189 1157 370 1199 dendam
401 1157 455 1199 ad
484 1157 675 1212 inopiam
707 1157 985 1200 delaberetur.

304 1215 469 1259 Eodem
495 1230 605 1258 anno
631 1215 835 1270 mancipii
859 1216 985 1257 unius
1013 1215 1201 1271 audacia,
1225 1216 1270 1257 ni
1289 1220 1455 1258 mature
1475 1215 1734 1258 subventum

183 1273 316 1328 foret,
355 1275 578 1318 discordiis
617 1275 831 1330 armisque
869 1275 1067 1317 civilibus
1099 1289 1189 1316 rem
1220 1275 1438 1330 publicam
1468 1274 1734 1329 perculisset.

184 1333 379 1376 Postumi
392 1333 610 1390 Agrippae
631 1348 790 1387 servus,
808 1334 980 1375 nomine
995 1332 1205 1389 Clemens,
1226 1336 1429 1388 conperto
1448 1334 1533 1375 fine
1549 1333 1736 1389 Augusti

184 1407 362 1449 pergere
393 1393 438 1434 in
468 1393 653 1435 insulam
679 1393 923 1435 Planasiam
956 1394 999 1434 et
1028 1392 1175 1434 fraude
1208 1395 1283 1435 aut
1306 1393 1349 1435 vi
1380 1395 1554 1447 raptum
1578 1391 1736 1448 Agrip-

184 1466 283 1507 pam
315 1451 426 1494 ferre
451 1452 504 1493 ad
537 1452 744 1494 exercitus
771 1450 1047 1493 Germanicos
1072 1466 1160 1494 non
1186 1451 1330 1493 servili
1357 1452 1501 1493 animo
1527 1451 1736 1506 concepit.

185 1524 289 1552 ausa
333 1511 422 1552 eius
468 1511 675 1565 inpedivit
715 1510 897 1552 tarditas
941 1510 1161 1552 onerariae
1203 1511 1342 1565 navis3
1393 1512 1519 1565 atque
1562 1510 1735 1552 interim

183 1571 356 1624 patrata
380 1569 505 1611 caede
537 1569 590 1611 ad
615 1569 778 1611 maiora
802 1571 845 1610 et
869 1569 1007 1623 magis
1033 1569 1285 1623 praecipitia
1310 1583 1539 1611 conversus
1565 1568 1734 1611 furatur

185 1628 345 1670 cineres
376 1631 604 1683 vectusque
636 1626 792 1670 Cosam
823 1627 1022 1670 Etruriae
1053 1628 1396 1682 promunturium
1426 1627 1588 1683 ignotis
1630 1627 1736 1669 locis

186 1701 278 1728 sese
310 1686 446 1741 abdit,
484 1687 618 1729 donec
649 1687 810 1729 crinem
839 1686 1101 1742 barbamque
1131 1687 1421 1741 promitteret:
1461 1701 1563 1728 nam
1594 1688 1735 1728 aetate

186 1748 229 1788 et
263 1745 404 1788 forma
440 1745 555 1787 haud
593 1745 790 1787 dissimili
829 1745 874 1787 in
913 1744 1134 1787 dominum
1165 1747 1268 1787 erat.
1327 1748 1420 1787 tum
1451 1759 1528 1799 per
1557 1744 1734 1787 idoneos

186 1806 229 1846 et
271 1805 424 1847 secreti
467 1804 556 1847 eius
602 1804 739 1846 socios
783 1804 1013 1847 crebrescit
1055 1805 1196 1846 vivere
1240 1803 1502 1859 Agrippam,
1553 1804 1734 1846 occultis

185 1863 371 1917 primum
402 1863 687 1917 sermonibus,
717 1865 767 1905 ut
796 1863 931 1904 vetita
962 1863 1117 1916 solent,
1148 1877 1247 1905 mox
1278 1877 1389 1918 vago
1421 1876 1591 1904 rumore
1623 1862 1736 1918 apud

185 1922 480 1976 inperitissimi
499 1922 703 1977 cuiusque
722 1924 945 1977 promptas
973 1937 1095 1964 aures
1120 1924 1196 1964 aut
1219 1936 1389 1964 rursum
1409 1921 1521 1976 apud
1539 1920 1735 1964 turbidos

187 1995 319 2037 eoque
361 1996 474 2023 nova
515 1981 746 2036 cupientes.
813 1983 941 2036 atque
983 1981 1075 2035 ipse
1121 1981 1236 2022 adire
1280 1980 1512 2035 municipia
1555 1980 1736 2022 obscuro

187 2040 280 2095 diei,
304 2054 440 2095 neque
466 2040 692 2095 propalam
717 2039 850 2094 aspici
875 2054 1011 2094 neque
1038 2039 1197 2082 diutius
1223 2039 1358 2081 isdem
1383 2039 1503 2094 locis,
1534 2038 1606 2081 sed
1631 2039 1732 2094 quia

237 2170 290 2202 11.
323 2177 487 2211 suorum,
522 2166 592 2201 wie
627 2165 678 2201 im
714 2165 929 2211 Folgenden
1001 2171 1040 2210 3,

188 2214 312 2249 nullus
344 2225 387 2249 eoe
417 2224 452 2249 se
482 2217 604 2250 metus.
654 2213 731 2249 Das
756 2213 927 2249 reflexive

188 2260 392 2296 Pronomen
422 2261 570 2296 bezieht
602 2259 682 2295 sich
718 2261 832 2295 sehon
866 2260 928 2296 bei

1074 2170 1118 2201 66
1153 2166 1424 2211 impudentibus
1458 2166 1570 2202 ausis.
1618 2169 1679 2211 11,
1705 2168 1738 2201 8.

1003 2217 1065 2257 13,
1100 2217 1143 2248 47
1183 2213 1321 2248 nullius
1358 2213 1443 2248 ausi
1481 2223 1621 2257 capam
1662 2214 1740 2248 erst

1001 2260 1073 2295 seit
1097 2259 1236 2304 virgil,
1269 2258 1493 2295 dichterisch
1525 2259 1601 2294 und
1624 2259 1739 2295 naeh-

190 2308 316 2344 Cicero
330 2307 505 2342 zuweilen
520 2306 587 2342 auf
603 2307 663 2342 ein
684 2306 927 2343 unbestimm-

189 2358 246 2390 tes
273 2354 430 2400 Subjekt
454 2356 597 2399 „man“.

237 2405 294 2438 25.
336 2403 493 2437 retinens
529 2401 598 2436 mit
635 2401 720 2435 dem
758 2399 925 2446 Genetiv,

189 2449 285 2485 auch
311 2454 343 2493 5,
371 2453 412 2484 11
438 2449 640 2484 modestiae.
677 2452 710 2491 6,
735 2452 780 2482 42
805 2449 927 2484 condi-

190 2497 279 2532 toris
315 2496 465 2532 Seleuci.
517 2499 578 2540 16,
605 2499 635 2531 5.
687 2495 833 2530 Ebenso
866 2495 928 2531 bei

190 2542 330 2579 Cicero.
378 2542 625 2588 Dergleichen
651 2541 830 2577 Genetive
861 2542 928 2578 hat

190 2589 339 2625 Tacitus
358 2589 494 2634 (ausser
513 2589 633 2625 Germ.
655 2590 693 2634 ὅ)
711 2600 782 2624 nur
798 2588 838 2624 in
858 2589 931 2624 den

191 2637 324 2673 beiden
348 2636 538 2682 grosseren
561 2635 742 2679 Werken,
774 2637 931 2671 manche

192 2685 267 2719 erst
291 2683 329 2718 in
361 2684 433 2719 den
457 2684 643 2728 Annalen,
676 2683 837 2719 namlich
871 2683 932 2718 bei

190 2732 323 2774 sciens,
353 2732 530 2774 tolerans,
559 2732 733 2774 retinens,
759 2731 931 2777 obteyens,

191 2778 407 2823 intelleyens,
433 2779 594 2823 cupiens,
618 2781 828 2822 temperans.

238 2824 302 2860 39.
338 2828 370 2860 3.
408 2815 508 2860 Uber
532 2825 703 2869 Ayrippa
729 2836 756 2859 s.
776 2836 820 2860 zu
848 2827 879 2868 1,
899 2827 931 2860 3.

240 2874 272 2906 6.
312 2881 439 2906 ausum
477 2871 532 2907 als
560 2870 793 2914 Substantiv,
838 2870 934 2907 auch

999 2306 1193 2342 klassisch.

1047 2357 1080 2389 8.
1108 2353 1198 2389 Cosa
1216 2352 1266 2388 ist
1280 2351 1389 2388 Stadt
1408 2352 1484 2387 und
1493 2352 1740 2399 Vorgebirge;

1000 2401 1136 2436 ebenso
1162 2400 1343 2435 Misenum
1368 2412 1402 2435 u.
1424 2411 1456 2435 a.
1656 2442 1662 2448 ἢ

1048 2451 1102 2483 10.
1128 2447 1315 2483 dissimilis
1339 2447 1381 2482 in
1405 2446 1455 2482 ist
1483 2444 1547 2482 ἅπ.
1567 2445 1634 2490 elo.
1671 2446 1740 2483 Die

999 2493 1235 2539 Praposition
1271 2493 1490 2529 bezeichnet
1524 2493 1583 2529 die
1615 2493 1740 2530 Bezie-

1000 2542 1102 2586 hung
1121 2540 1210 2576 oder
1223 2540 1465 2585 Hinweisung
1483 2541 1550 2576 auf
1566 2540 1639 2576 den
1658 2551 1741 2576 ver-

1002 2589 1198 2634 glichenen
1212 2587 1461 2633 Gegenstand.
1488 2582 1651 2623 Ahnlich
1664 2587 1737 2624 Cio.

1003 2635 1048 2670 de
1067 2634 1141 2670 inv.
1159 2638 1189 2677 1,
1204 2637 1250 2669 44
1268 2635 1509 2671 similitudine
1526 2635 1604 2670 eius
1620 2635 1676 2670 rei
1697 2654 1740 2661 —

1003 2682 1053 2717 ad
1077 2693 1154 2716 eam
1178 2692 1251 2716 rem
1276 2685 1334 2717 cti.
1379 2682 1490 2727 Apul.
1508 2682 1597 2717 met.
1620 2685 1674 2726 10,
1695 2684 1740 2717 80

1001 2729 1131 2765 similis
1155 2728 1197 2764 in
1219 2729 1368 2772 speciem
1393 2729 1564 2765 Iunonis.

1053 2779 1106 2811 14.
1140 2776 1290 2811 obscuro
1315 2776 1406 2818 diei,
1431 2775 1500 2812 wie
1527 2787 1583 2821 cp.
1612 2778 1656 2811 14
1680 2775 1740 2811 ob·

1003 2833 1150 2859 scarum
1180 2823 1304 2858 noctis.
1348 2822 1435 2860 hist.
1461 2826 1494 2867 4,
1520 2826 1566 2859 50
1591 2823 1741 2860 obscuro

1004 2870 1122 2906 adhuc
1147 2872 1289 2914 coeptae
1313 2869 1414 2905 lucis.

1785 3051 1806 3094 'flat'
1798 2964 1806 2989 Α-
