1794 3126
587 101 734 138 LIBER
755 101 835 137 XV.
868 100 971 136 CAP.
997 104 1149 137 57—60.

78 215 174 255 stra
205 211 427 254 silentium
459 213 503 253 et
539 211 668 253 fidem
705 211 752 252 in
787 210 855 251 tot
890 209 1160 251 consciorum
1192 208 1350 250 animis
1382 210 1426 250 et
1461 210 1720 264 corpori-10

1561 100 1648 143 209

82 272 163 314 bus
195 285 388 338 sperare3
420 270 626 313 cruciatui
657 271 732 311 aut
761 267 954 322 praemio
985 269 1142 309 cuncta
1171 267 1319 322 pervia
1349 281 1456 310 esse.
1500 271 1649 311 ventu-

82 345 154 374 ros
188 330 263 386 qui
293 330 435 385 ipsum
466 343 635 385 quoque
659 327 886 381 vincirent,
915 328 1134 381 postremo
1165 326 1344 382 indigna
1367 340 1470 369 nece
1498 327 1649 369 adfice-

81 391 190 432 rent.

264 391 427 444 quanto
476 387 733 430 laudabilius
781 385 1037 441 periturum,
1088 385 1189 427 dum
1237 385 1512 440 amplectitur
1559 400 1651 428 rem

81 448 318 504 publicam,
355 447 458 490 dum
489 446 648 489 auxilia
677 445 870 487 libertati
900 444 1086 488 invocat.
1146 444 1273 487 miles
1307 444 1452 499 potius
1483 445 1652 488 deesset

80 510 128 550 et
156 507 305 563 plebes
337 507 563 561 desereret,
595 506 695 548 dum
726 505 820 560 ipse
852 503 1098 559 maioribus,
1130 503 1232 545 dum
1262 504 1461 559 posteris,
1494 504 1530 546 si
1561 505 1651 547 vita
1678 514 1723 547 15

80 567 417 622 praeriperetur,
453 567 638 607 mortem
676 563 948 619 adprobaret.
1008 563 1197 605 inmotus
1235 563 1304 605 his
1343 564 1388 605 et
1425 563 1651 619 paululum

81 627 129 668 in
171 625 347 680 publico
384 626 599 678 versatus,
642 625 744 678 post
787 622 902 665 domi
940 625 1149 677 secretus,
1194 622 1387 664 animum
1426 622 1652 665 adversum

84 698 286 739 suprema
315 683 531 739 firmabat,
563 682 697 725 donec
728 696 883 724 manus
915 681 1102 723 militum
1136 681 1368 736 adveniret,
1400 696 1507 737 quos
1533 681 1651 725 Nero

79 743 246 786 tirones
273 744 348 785 aut
373 743 599 797 stipendiis
626 743 819 784 recentes
846 741 1083 797 delegerat:
1108 755 1209 782 nam
1229 743 1351 783 vetus
1379 741 1504 783 miles
1529 741 1652 783 time-

81 802 210 845 batur
258 804 480 857 tamquam
531 802 676 844 favore
719 801 908 843 inbutus.

81 861 226 912 venis.
276 863 587 903 testamentum
635 859 773 902 foedis
820 859 1025 902 adversus
1066 858 1284 902 Neronem
1331 858 1653 902 adulationibus

81 920 219 963 amori
255 920 402 962 uxoris
443 919 577 975 dedit,
616 934 745 975 quam
782 919 1038 974 degenerem
1079 920 1123 960 et
1161 918 1254 960 sola
1284 918 1477 973 corporis
1513 918 1654 962 forma

78 979 426 1022 >commendatam
465 979 593 1021 amici
635 978 911 1020 matrimonio
957 977 1207 1020 abstulerat.
1268 991 1426 1020 nomen
1461 977 1654 1020 mulieris

85 1039 213 1080 Atria
245 1037 388 1092 Galla,
425 1038 559 1093 priori
590 1038 748 1080 marito
779 1036 999 1080 Domitius
1033 1035 1165 1078 Silus:
1202 1036 1272 1079 hic
1313 1037 1543 1092 patientia,
1579 1037 1656 1079 illa

88 1097 348 1153 inpudicitia
378 1097 552 1139 Pisonis
583 1096 808 1139 infamiam
839 1109 1144 1152 propagavere.

202 1156 449 1198 Proximam
480 1170 628 1198 necem
653 1155 814 1198 Plautii
837 1155 1042 1197 Laterani
1074 1155 1263 1197 consulis
1296 1155 1511 1211 designati
1537 1154 1653 1197 Nero
1668 1155 1727 1198 60

82 1215 300 1271 adiungit,
341 1215 447 1257 adeo
485 1230 687 1271 propere,
724 1217 772 1257 ut
809 1229 898 1257 non
938 1214 1166 1269 complecti
1204 1214 1382 1268 liberos,
1418 1228 1508 1256 non
1545 1214 1656 1256 illud

83 1275 212 1317 breve
237 1274 389 1316 mortis
415 1274 643 1316 arbitrium
674 1275 956 1329 permitteret.
1004 1275 1153 1329 raptus
1185 1273 1231 1314 in
1256 1273 1400 1315 locum
1426 1273 1654 1315 servilibus

83 1333 236 1389 poenis
274 1334 511 1388 sepositum
548 1348 681 1375 manu
714 1332 843 1375 Statii
880 1333 1045 1375 tribuni
1084 1332 1339 1386 trucidatur,
1376 1332 1526 1387 plenus
1559 1346 1656 1375 con-

85 1393 242 1435 stantis
275 1392 435 1434 silentii
465 1407 543 1435 nec
574 1393 751 1435 tribuno
785 1392 976 1435 obiciens
1010 1391 1189 1435 eandem
1222 1392 1545 1434 conscientiam.

205 1449 407 1507 Sequitur
439 1452 590 1495 caedes
623 1451 793 1494 Annaei
826 1450 1031 1506 Senecae,
1061 1450 1300 1493 laetissima
1331 1451 1533 1507 principi,
1570 1465 1658 1494 non

84 1511 190 1566 quia
221 1511 532 1553 coniurationis
564 1511 843 1554 manifestum
875 1512 1158 1566 compererat,
1197 1510 1271 1552 sed
1303 1511 1352 1551 ut
1391 1510 1504 1552 ferro
1537 1523 1657 1566 gras-

4 1595 13 1599 *
85 1572 272 1624 saretur,
310 1570 481 1625 quando
512 1585 722 1613 venenum
755 1584 844 1612 non
880 1571 1160 1625 processerat.
1223 1569 1340 1611 solus
1379 1569 1538 1625 quippe
1569 1569 1612 1611 N
1615 1584 1658 1611 a·

85 1629 186 1671 talis
219 1631 262 1671 et
290 1628 500 1672 hactenus
531 1630 763 1685 prompsit,
799 1630 982 1672 missum
1015 1643 1059 1671 se
1091 1628 1144 1670 ad
1177 1630 1404 1684 aegrotum
1437 1626 1658 1684 Senecam,

87 1688 152 1730 uti
182 1687 342 1730 viseret
366 1692 783 1745 conquerereturque
810 1703 884 1731 cur
909 1688 1110 1731 Pisonem
1138 1688 1257 1730 aditu
1290 1690 1471 1730 arceret:
1504 1688 1658 1730 melius
1685 1697 1730 1730 10

85 1747 191 1802 fore,
222 1747 260 1789 si
292 1747 528 1790 amicitiam
559 1748 765 1790 familiari
797 1761 1033 1803 congressu
1064 1748 1365 1790 exercuissent.
1409 1749 1452 1788 et
1483 1761 1660 1802 respon-

87 1806 203 1848 disse
246 1804 451 1848 Senecam
496 1821 717 1849 sermones
761 1809 935 1849 mutuos
980 1808 1023 1848 et
1065 1806 1215 1848 crebra
1251 1806 1480 1861 conloquia
1514 1807 1660 1848 neutri

86 1865 344 1920 conducere3
381 1868 570 1907 ceterum
603 1866 788 1908 salutem
820 1880 943 1908 suam
980 1865 1278 1907 incolumitate
1311 1864 1482 1909 Pisonis
1519 1864 1660 1907 inniti.

87 1924 194 1967 haec
226 1924 337 1966 ferre
370 1924 533 1967 Gavius
561 1923 760 1967 Silvanus
790 1925 990 1967 tribunus
1021 1925 1263 1979 praetoriae
1296 1923 1498 1979 cohortis,
1530 1926 1574 1967 et
1604 1938 1661 1966 an

141 2067 196 2099 13.
227 2063 316 2099 dum
350 2063 421 2099 mit
458 2064 543 2100 dem
575 2064 764 2100 Indikativ
802 2064 841 2100 in

87 2110 297 2146 indirekter
321 2111 424 2147 Rede
449 2112 520 2147 wie
550 2116 604 2157 13,
633 2115 688 2147 15.
715 2116 771 2156 14,
794 2116 839 2147 58

89 2158 167 2194 und
192 2157 304 2202 oster,
331 2160 408 2194 erst
433 2159 506 2194 seit
529 2159 665 2195 Livius.
694 2181 736 2185 —
764 2171 837 2194 am-

84 2206 271 2259 plectitur.
326 2205 400 2242 Cic.
434 2218 470 2251 p.
501 2205 635 2242 Flacco
670 2210 714 2242 18
759 2217 841 2242 cum

88 2264 200 2308 remp.
220 2252 332 2288 nimis
344 2254 625 2298 amplecteretur.
646 2266 681 2300 p.
697 2254 775 2289 Mil.
794 2257 838 2290 27

90 2301 202 2382 MT?
227 2301 791 2404 ἵπῖξῖωῗαέἷὲἷῖἲβῖξῗῗαῖἔῖ
797 2351 840 2384 18

88 2396 188 2442 quod
213 2397 246 2431 ei
274 2394 472 2430 Petronius
496 2397 779 2440 adprobavisset.

142 2446 198 2478 19.
224 2442 417 2487 stipendiis
444 2446 608 2479 recentes.
660 2443 695 2480 S.
729 2456 773 2479 zu
808 2447 840 2487 1,

92 2494 137 2525 41
166 2501 286 2526 recens
310 2489 432 2525 dolore
456 2493 489 2525 et
512 2491 583 2526 ira.

142 2541 199 2573 22.
238 2539 442 2583 deyenerem
482 2538 692 2581 ‚,entartet“
737 2538 770 2574 d.
803 2538 839 2572 h.

93 2584 303 2620 unsittlich.
338 2604 381 2609 ——
419 2584 498 2619 sola
522 2586 685 2629 corporis
708 2585 841 2629 forma.

94 2631 185 2668 Sall.
206 2632 313 2668 Catil
337 2635 381 2666 15
400 2632 506 2666 cuius
519 2635 668 2676 praeter
685 2634 842 2676 formam

93 2680 190 2715 nihil
214 2690 387 2725 umquam
412 2678 527 2713 bonus
552 2679 730 2715 laudavit.

144 2731 200 2763 24
228 2726 432 2779 patientia,
471 2725 558 2760 weil
589 2736 629 2761 er
666 2726 720 2762 sie
757 2727 843 2762 dem

96 2773 184 2809 Piso
216 2766 397 2820 geduldig
429 2772 620 2816 obediere,
661 2773 759 2809 ohne
790 2774 843 2809 sie

96 2821 193 2856 nach
219 2822 284 2856 der
309 2822 366 2856 leae
385 2820 489 2856 Iulia
514 2821 558 2856 de
582 2821 775 2856 adulteriis
800 2833 844 2855 zu

98 2868 315 2914 verklagen.

170 2934 241 2960 Tac.
260 2933 372 2960 Annal.
391 2935 433 2960 11.

961 2064 1024 2101 60.
1059 2068 1091 2101 2.
1124 2065 1219 2100 illud
1249 2064 1469 2100 bezeichnet
1498 2064 1565 2100 das
1590 2064 1659 2100 Be-

913 2112 1053 2147 kannte
1079 2112 1155 2147 und
1188 2111 1332 2147 damals
1363 2111 1566 2157 allgemein
1595 2111 1660 2147 Er-

912 2159 1060 2205 laubte,
1087 2158 1147 2195 die
1172 2159 1286 2194 Wahl
1312 2159 1379 2194 der
1402 2158 1596 2196 Todesart.

961 2222 993 2256 3.
1019 2219 1211 2254 servilibus
1237 2219 1366 2264 poenis
1396 2219 1460 2255 ctt.
1510 2219 1559 2254 Es
1585 2230 1662 2254 war

912 2266 994 2302 eine
1025 2266 1256 2302 Richtstatte
1296 2265 1432 2301 osth‘ch
1469 2277 1538 2302 vor
1575 2266 1661 2302 dem

912 2312 1203 2396 gsquffiah‘nngschen
1246 2312 1363 2358 Thor,
1408 2314 1504 2349 auch
1548 2317 1582 2358 2,
1615 2317 1660 2349 32

961 2424 994 2455 6.
1028 2412 1127 2455 Uber
1156 2430 1232 2455 ‘non
1262 2420 1351 2465 quia
1381 2419 1452 2455 mit
1485 2419 1570 2454 dem
1601 2419 1662 2454 In-

914 2466 1059 2502 dikativ
1085 2479 1112 2501 s.
1140 2478 1186 2502 zu
1213 2470 1268 2511 13,
1297 2471 1328 2502 1.

961 2529 994 2562 9.
1020 2526 1194 2561 hactenus
1231 2537 1324 2569 „nur
1355 2525 1458 2560 dies“
1497 2524 1567 2560 wie
1607 2529 1661 2569 14,

914 2576 958 2608 51
978 2574 1153 2608 hactenus
1169 2573 1405 2626 respondisse.
1421 2592 1466 2597 —
1479 2573 1663 2617 prompsit

915 2632 978 2664 „er
1009 2621 1114 2665 sagte
1146 2622 1237 2655 aus“
1268 2631 1338 2655 me
1366 2623 1399 2664 1,
1425 2623 1446 2654 6
1483 2620 1570 2663 fieta
1599 2630 1663 2655 seu

913 2678 1000 2703 vera
1013 2670 1205 2712 promeret.
1234 2670 1290 2710 12,
1311 2670 1355 2702 65
1374 2666 1451 2701 und
1470 2666 1577 2710 ofter,
1602 2678 1662 2702 ur-

915 2714 1132 2760 spn’inglich
1152 2713 1391 2758 dichterisch,
1417 2714 1494 2748 erst
1513 2713 1586 2749 seit
1603 2713 1663 2749 Li—

915 2762 998 2798 vius
1024 2761 1064 2796 in
1089 2762 1155 2796 der
1179 2761 1304 2797 Prosa.

965 2825 1020 2856 12.
1053 2820 1119 2855 Bei
1149 2830 1326 2856 sermones
1355 2823 1500 2856 mutuos
1534 2819 1585 2855 ist
1615 2831 1665 2856 an

916 2867 1243 2913 Mittelspersonen
1269 2879 1313 2902 zu
1338 2866 1495 2904 denken.

1334 2930 1378 2961 14

971 799 1081 842 obiit
1130 799 1325 854 abruptis
1376 800 1653 843 brachiorum
1678 811 1724 844 20
1750 832 1755 836 -
