1794 3126
557 128 703 164 LIBER
727 127 823 164 XVI.
869 127 971 164 cAP.
997 130 1148 164 32-35,

1554 125 1641 169 239

79 237 364 280 institutionis
402 237 583 294 doctori,
626 251 722 279 cum
760 250 863 292 quo,
899 237 949 277 ut
985 235 1227 278 coniectare
1265 239 1358 277 erat
1397 236 1643 278 intentione¹

80 297 223 339 vultus
250 299 293 339 et
318 296 488 351 auditis,
521 297 558 339 si
583 310 667 352 qua
691 294 847 337 clarius
878 294 1260 350 proloquebantur,
1294 294 1345 336 de
1370 297 1527 337 natura
1552 296 1641 337 ani-
1667 305 1692 337 5

79 370 176 398 mae
202 358 245 398 et
275 355 578 399 dissociatione
612 354 788 410 spiritus
814 354 1088 409 corporisque
1113 353 1372 409 inquirebat,
1404 354 1538 396 donec
1569 354 1642 396 ad-

79 415 199 458 venit
228 414 446 458 Domitius
479 413 749 457 Caecilianus
781 427 832 456 ex
861 412 1027 455 intimis
1059 412 1206 455 amicis
1239 414 1283 454 et
1313 412 1351 454 ei
1386 412 1487 469 quid
1521 427 1640 455 sena-

78 476 150 517 tus
170 475 406 517 censuisset
424 475 632 529 exposuit.
673 473 807 529 igitur
825 472 977 515 flentes
1003 472 1351 528 queritantesque
1371 472 1443 527 qui
1463 472 1642 514 aderant

79 533 288 576 facessere
319 547 500 588 propere
525 533 716 575 Thrasea
746 546 827 574 neu
858 532 1050 587 pericula
1082 546 1159 574 sua
1187 531 1365 573 miscere
1397 546 1493 574 cum
1525 534 1641 574 sorte

79 592 272 635 damnati
307 592 523 646 hortatur,
560 592 815 647 Arriamque
851 593 1139 646 temptantem
1177 590 1322 632 mariti
1362 605 1561 646 suprema
1598 593 1642 634 et
1668 601 1715 633 10

80 652 320 707 exemplum
346 651 496 693 Arriae
527 651 677 693 matris
710 651 831 706 sequi
866 653 1015 692 monet
1050 651 1235 692 retinere
1268 650 1402 692 vitam
1440 650 1640 706 filiaeque

80 711 296 753 communi
328 710 565 752 subsidium
598 711 772 753 unicum
801 724 889 752 non
921 709 1120 755 adimere.

197 769 308 812 Tum
346 783 602 825 progressus
640 770 687 812 in
722 770 937 825 porticum
971 769 1061 811 illic
1100 784 1125 811 a
1163 771 1387 824 quaestore
1417 768 1641 824 reperitur,
1654 768 1716 812 35

81 829 272 871 laetitiae
302 829 492 885 propior,
523 829 622 884 quia
646 829 892 871 Helvidium
924 842 1129 884 generum
1161 843 1285 870 suum
1310 827 1439 870 Italia
1468 830 1641 870 tantum

78 888 214 931 arceri
245 891 517 944 cognoverat.
573 890 750 944 accepto
782 887 934 930 dehinc
966 890 1141 930 senatus
1172 887 1368 930 consulto
1393 886 1641 929 Helvidium

76 950 120 990 et
161 947 431 990 Demetrium
473 948 519 989 in
563 948 805 990 cubiculum
848 947 1030 1003 inducit3
1079 946 1372 1002 porrectisque
1417 946 1641 1001 utriusque

75 1007 241 1049 brachii
277 1007 418 1062 venis,
455 1009 685 1063 postquam
724 1021 918 1050 cruorem
951 1006 1118 1061 effudit,
1153 1006 1332 1048 humum
1364 1019 1493 1061 super
1523 1020 1641 1060 spar-
1668 1017 1689 1049 5

76 1080 201 1122 gens,
237 1067 414 1122 propius
451 1068 604 1109 vocato
643 1067 870 1122 quaestore
908 1064 1125 1108 ‘libamus'
1162 1065 1304 1120 inquit
1336 1064 1446 1108 ‘Iovi
1486 1065 1643 1107 libera-

75 1125 174 1168 tori.
230 1128 389 1180 specta,
420 1125 607 1180 iuvenis3
640 1129 684 1168 et
712 1140 840 1168 omen
872 1124 1043 1180 quidem
1074 1124 1119 1167 di
1149 1124 1422 1193 prohibeant,
1454 1126 1642 1167 ceterum

76 1184 124 1226 in
155 1199 206 1227 ea
234 1186 434 1240 tempora
464 1187 592 1227 natus
625 1199 683 1240 es,
714 1185 868 1240 quibus
899 1184 1071 1226 firmare
1099 1185 1292 1227 animum
1319 1183 1518 1239 expediat
1543 1198 1642 1226 con·

76 1243 292 1286 stantibus
330 1243 563 1299 exemplis?

624 1247 725 1300 post
761 1243 1016 1286 lentitudine
1054 1244 1192 1286 exitus
1231 1257 1383 1300 graves
1428 1243 1642 1286 cruciatus

76 1303 313 1358 adferente,
345 1303 539 1346 obversis
570 1304 616 1345 in
647 1303 1014 1346 Demetrium***

123 1435 156 1467 4.
189 1432 388 1468 coniectare
417 1435 514 1476 erat,
551 1432 622 1468 wie
660 1432 754 1468 Gell.
789 1438 822 1477 6,

76 1483 110 1523 6,
138 1482 180 1514 11
206 1490 252 1514 ex
275 1490 346 1524 quo
369 1482 421 1515 est
445 1480 655 1515 coniectare.
686 1480 823 1516 Diesen

76 1524 350 1562 dichteris'ohen
380 1526 456 1562 und
494 1526 823 1563 nachklassischen

78 1573 290 1610 Gracismus
308 1574 378 1609 hat
390 1574 477 1610 Tac.
497 1586 567 1610 nur
584 1575 679 1610 noch
698 1575 821 1611 Germ.

77 1625 100 1657 5
124 1624 175 1657 est
198 1622 328 1657 videre.

125 1672 157 1704 6.
190 1669 400 1704 dissociatio
430 1681 502 1704 nur
538 1669 619 1704 hier
649 1669 725 1704 und
761 1669 823 1705 bei

76 1715 160 1751 dem
185 1716 329 1752 §.lteren
352 1716 507 1752 Plinius.

124 1767 157 1799 8.
183 1764 363 1809 queritari
381 1763 432 1799 ist
455 1764 517 1800 bei
535 1763 622 1799 Tac.
642 1760 707 1799 ἅπ.
735 1763 822 1809 εἰρ.·

77 1812 182 1846 sonst
204 1811 302 1846 noch
332 1810 395 1847 bei
426 1811 509 1847 dem
537 1812 723 1857 jungeren
747 1811 822 1846 Pli-

77 1857 160 1893 nius
186 1858 263 1893 und
287 1859 341 1893 im
367 1858 589 1904 Spatlatein.

127 1909 182 1940 11.
208 1904 278 1941 Die
298 1905 473 1952 gleichna

76 1952 187 1988 Arria
217 1963 296 1988 war
326 1953 387 1988 die
412 1952 610 1989 Gemahlin
642 1953 707 1989 des
733 1952 821 1989 Cae-

76 1999 162 2036 cina
185 2000 338 2044 Paetus,
370 2000 532 2036 welcher
561 2000 611 2035 im
638 2000 671 2037 J.
698 2004 743 2036 42
775 2011 822 2036 an

77 2047 162 2083 dem
204 2047 498 2093 verunglfickten
552 2048 821 2083 dalmatischen

76 2094 282 2130 Aufstande
340 2095 405 2130 des
455 2095 633 2131 Camillus
689 2096 821 2141 teilge

76 2153 262 2178 nommen.
312 2142 379 2178 Als
411 2154 450 2179 er
475 2144 639 2189 zogerte,
674 2143 752 2179 sich
777 2155 822 2178 zu

76 2190 200 2235 toten,
257 2190 402 2226 erstach
458 2190 511 2226 sie
561 2190 641 2226 sich
688 2191 819 2228 zuerst.

75 2236 162 2283 Vgl.
199 2237 294 2273 Plin.
332 2248 388 2284 ep.
427 2241 460 2283 3,
498 2242 541 2274 16
584 2239 821 2283 praeclarum

473 1905 573 1951 mige
593 1906 732 1941 Mutter
757 1906 823 1941 der
858 1926 861 1929 -

895 1432 1038 1477 quidem
1092 1432 1188 1467 illud
1239 1432 1396 1467 eiusdem
1445 1430 1637 1476 (Arriae)-

894 1480 1033 1523 ferrum
1063 1479 1255 1524 strinqere,
1283 1479 1475 1524 perfodere
1502 1481 1642 1524 peetus,

895 1527 1082 1563 emto-ahere
1107 1527 1322 1572 puyionem,
1348 1527 1538 1572 porrigere
1567 1537 1642 1561 ma—

894 1575 986 1618 rito,
1022 1575 1155 1610 addere
1184 1584 1302 1610 vocem
1332 1574 1568 1609 immortalem
1599 1584 1643 1609 ae

890 1632 1008 1667 paene
1033 1622 1198 1658 divinam
1222 1621 1378 1665 „Paete,
1409 1631 1485 1657 non
1512 1621 1631 1657 doleff‘
1633 1648 1643 1656 .

943 1716 1006 1753 35.
1046 1721 1078 1752 3.
1111 1716 1213 1752 Statt
1243 1727 1364 1752 arcere
1394 1716 1462 1751 hat
1486 1715 1572 1751 Tac.
1602 1715 1643 1750 in

895 1764 1016 1800 dieser
1035 1765 1175 1800 Phrase
1195 1765 1290 1799 auch
1309 1764 1535 1806 interdicere,
1553 1773 1641 1808 pro-

893 1812 1024 1855 hibere,
1043 1812 1224 1857 depellere.
1257 1811 1404 1848 Ebenso
1421 1822 1520 1856 aqua
1534 1813 1642 1856 atque

894 1859 975 1904 {qni
1000 1870 1122 1895 arcere
1147 1863 1188 1902 3,
1214 1863 1270 1895 23.
1297 1862 1354 1895 50.

943 1909 976 1942 5.
1002 1907 1150 1942 humum
1174 1917 1291 1951 super.
1336 1897 1435 1943 Uber
1459 1908 1520 1943 die
1543 1908 1640 1943 Ana-

895 1954 1048 1999 strophe
1074 1966 1102 1989 s.
1128 1953 1223 1989 Einl.
1250 1957 1280 1997 §-
1304 1959 1389 1999 116,
1410 1965 1443 1990 a.

944 2005 976 2037 6.
1009 2002 1166 2037 libamus
1191 2003 1256 2037 ctt.
1313 2001 1383 2037 Dio
1417 2007 1478 2047 62,
1505 2007 1550 2039 26
1583 2001 1641 2038 σοὶ

894 2048 1005 2084 τοῦτο
1036 2046 1077 2084 τὸ
1112 2047 1224 2095 αἷμα,
1262 2063 1290 2084 ω
1325 2050 1398 2085 Ζεῦ
1433 2048 1642 2095 ἐλευθέριε,

894 2094 1054 2131 σπένδω.

941 2143 1016 2179 Der
1044 2144 1137 2179 Rest
1174 2143 1238 2180 des
1279 2148 1334 2180 16.
1366 2144 1511 2181 Buches
1549 2145 1642 2191 ging

893 2191 950 2227 bis
980 2191 1038 2226 ins
1062 2191 1096 2227 J.
1123 2195 1168 2227 68
1199 2192 1275 2227 und
1308 2191 1466 2238 km'ipfte
1498 2203 1545 2228 an
1573 2192 1642 2228 das

893 2240 989 2274 erste
1014 2238 1118 2274 Buch
1145 2239 1211 2274 der
1235 2239 1426 2276 Historien
1452 2251 1510 2275 an.

1668 1315 1715 1348 10
