1794 3126
576 119 722 155 LIBER
745 120 824 156 XV.
858 118 958 156 CAP.
987 123 1138 156 64—67.
1551 116 1637 159 213

74 229 171 272 dem
209 228 429 271 conscium
466 230 510 271 et
548 228 848 284 inquisitorem
878 241 969 269 non
1004 226 1260 268 tolerabant.
1316 239 1419 281 ergo
1456 225 1641 267 instanti

73 287 378 343 minitantique
404 286 604 330 renidens
630 285 862 329 Scaevinus
887 284 1104 327 neminem
1133 285 1194 326 ait
1223 284 1350 339 plura
1375 283 1482 332 scire
1509 299 1639 339 quam

73 346 236 402 ipsum,
273 346 558 402 hortaturque
594 345 709 388 ultro
745 344 944 386 redderet
979 346 1070 386 tam
1107 344 1222 386 bono
1267 342 1453 399 principi
1488 343 1640 385 vicem.
1666 357 1686 388 5

72 420 162 449 non
198 420 282 448 vox
319 405 543 448 adversum
580 419 631 446 ea
667 403 847 458 Faenio,
882 418 972 446 non
1010 402 1246 458 silentium,
1284 402 1358 444 sed
1393 402 1527 444 verba
1564 416 1642 444 sua

73 464 354 520 praepediens
386 466 430 506 et
465 463 640 519 pavoris
672 462 944 517 manifestus,
981 462 1220 517 ceterisque
1252 463 1296 503 et
1325 460 1510 503 maxime
1542 458 1642 502 Cer-

74 523 196 566 vario
227 523 418 574 Proculo,
449 523 593 578 equite
630 522 829 564 Romano
868 522 922 564 ad
959 520 1299 565 convincendum
1338 534 1435 562 eum
1473 519 1644 574 conisis,

74 583 194 624 iussu
238 581 508 637 imperatoris
553 596 579 623 a
622 580 775 624 Cassio
819 581 976 636 milite,
1019 580 1094 636 qui
1137 579 1192 622 ob
1234 579 1408 636 insigne
1451 578 1644 634 corporis

77 641 211 684 robur
241 641 459 695 adstabat,
490 640 720 695 corripitur
750 640 1033 696 vinciturque.
1673 641 1716 672 10

11 751 14 755 Ι
196 698 300 742 Mox
338 699 570 742 eorundem
606 699 766 742 indicio
798 698 976 742 Subrius
1008 698 1165 740 Flavus
1203 698 1403 740 tribunus
1439 697 1645 752 perverti-
1659 689 1714 731 67

78 762 168 814 tur,
212 759 352 813 primo
397 758 790 800 dissimilitudinem
827 773 997 801 morum
1035 757 1089 799 ad
1126 756 1419 799 defensionem
1455 756 1646 810 trahens,

77 831 218 873 neque
250 832 296 859 se
328 819 542 860 armatum
573 832 670 860 cum
707 818 944 860 inermibus
976 818 1020 858 et
1051 816 1308 859 effeminatis
1344 818 1515 857 tantum
1544 815 1647 857 faci-

78 891 160 918 nus
186 877 551 931 consociaturum,
577 877 687 932 dein,
712 879 945 933 postquam
970 876 1216 931 urgebatur,
1245 874 1528 917 confessionis
1555 874 1646 930 glo-

78 935 196 977 riam>
227 936 466 991 amplexus,
506 936 883 992 interrogatusque
920 951 946 978 a
982 934 1173 989 Nerone,
1216 934 1373 990 quibus
1413 933 1555 975 causis
1592 933 1646 974 ad
1672 936 1693 967 5

79 994 344 1038 oblivionem
384 995 641 1038 sacramenti
677 995 971 1050 processisset.
1033 992 1223 1036 ‘oderam
1259 992 1319 1035 te'
1356 992 1515 1048 inquit,
1553 990 1647 1034 ‘nec

80 1054 307 1109 quisquam
332 1054 414 1096 tibi
439 1054 607 1096 fidelior
631 1054 819 1096 militum
843 1054 936 1108 fuit,
970 1052 1071 1095 dum
1097 1052 1233 1095 amari
1258 1052 1466 1095 meruisti.
1504 1051 1648 1094 odisse

80 1113 222 1168 coepi,
258 1115 487 1169 postquam
522 1113 738 1168 parricida
768 1113 922 1155 matris
954 1115 997 1155 et
1028 1113 1192 1166 uxoris,
1229 1111 1382 1167 auriga
1413 1113 1456 1152 et
1491 1110 1647 1152 histrio

81 1173 125 1214 et
155 1171 444 1215 incendiarius
477 1171 685 1215 extitisti?
740 1173 836 1227 ipsa
866 1172 1017 1214 rettuli
1049 1171 1193 1225 verba,
1223 1171 1327 1226 quia
1355 1185 1462 1225 non,
1495 1172 1545 1212 ut
1576 1168 1648 1212 Se-

79 1245 229 1286 necae,
266 1231 445 1287 vulgata
483 1234 624 1287 erant,
660 1246 740 1274 nec
771 1232 914 1274 minus
951 1231 1075 1274 nosci
1113 1230 1292 1273 decebat
1328 1229 1528 1271 militaris
1565 1228 1648 1271 viri
1676 1232 1719 1263 10

82 1300 233 1332 sensus
271 1290 516 1347 incomptos
555 1293 599 1333 et
638 1291 815 1333 validos.
870 1290 980 1333 nihil
1019 1290 1066 1332 in
1104 1290 1181 1332 illa
1218 1289 1514 1332 coniuratione
1551 1302 1647 1344 gra-

80 1349 175 1392 vius
202 1349 376 1392 auribus
403 1349 592 1393 Neronis
625 1350 830 1392 accidisse
862 1349 1068 1404 constitit,
1101 1349 1174 1404 qui
1198 1351 1248 1391 ut
1277 1348 1484 1391 faciendis
1517 1347 1647 1390 scele-

80 1408 200 1450 ribus
219 1410 460 1465 promptus,
491 1409 553 1451 ita
579 1409 778 1451 audiendi
810 1423 919 1464 quae
951 1409 1113 1451 faceret
1141 1408 1334 1450 insolens
1360 1409 1465 1449 erat.
1508 1421 1649 1462 poena

80 1466 204 1509 Flavi
228 1466 425 1511 ,Veianio
464 1467 602 1525 Nigro
640 1468 816 1510 tribuno
854 1468 1095 1510 mandatur.
1145 1468 1181 1509 is
1219 1467 1417 1522 proximo
1454 1466 1499 1508 in
1541 1479 1647 1522 agro

82 1527 276 1575 scrobem
308 1526 436 1570 effodi
472 1527 617 1581 iussit,
654 1542 783 1583 quam
814 1528 952 1570 visam
983 1526 1142 1569 Flavus
1173 1528 1222 1568 ut
1259 1526 1468 1568 humilem
1501 1528 1546 1567 et
1577 1540 1648 1567 an·
1676 1528 1718 1559 15

82 1596 255 1641 gustam
285 1585 532 1642 increpans,
571 1586 952 1629 circumstantibus
983 1586 1212 1640 militibus,
1245 1584 1314 1627 ‘ne
1346 1585 1427 1627 hoc
1459 1582 1648 1639 quidem'

80 1645 221 1700 inquit
264 1643 331 1687 ‘ex
368 1645 626 1700 disciplina?
687 1645 1018 1701 admonitusque
1061 1644 1232 1687 fortiter
1267 1643 1526 1699 protendere
1563 1657 1649 1685 cer-

82 1705 238 1759 vicem,
279 1703 476 1747 ‘utinam'
520 1704 582 1747 ait
622 1703 686 1747 ‘tu
725 1707 816 1747 tam
854 1705 1025 1747 fortiter
1061 1702 1224 1746 ferias?
1287 1705 1330 1745 et
1360 1703 1433 1745 ille
1464 1703 1650 1745 multum

83 1843 194 1880 meist
242 1843 469 1880 dichterisch
516 1844 593 1879 und
634 1844 830 1880 nachklas-

83 1891 192 1935 sisch,
218 1892 315 1927 auch
342 1895 373 1935 1,
399 1895 455 1926 53.
483 1895 538 1926 69.
567 1895 622 1937 12,
649 1895 705 1926 34.
734 1894 828 1935 15,1

82 1938 160 1974 und
185 1938 293 1975 oster.

130 1989 163 2021 4.
204 1987 368 2022 renidere
411 1984 524 2020 heisst
567 1985 831 2031 urspriinglich

903 1848 937 1888 2,
964 1848 1007 1879 31
1034 1844 1238 1888 petiturum
1265 1853 1302 1878 se
1330 1844 1461 1886 vitam,
1492 1843 1568 1878 nisi
1591 1853 1649 1878 vo-

904 1891 1107 1926 luntariam
1131 1890 1277 1926 mortem
1297 1891 1576 1935 properavi-sset.

953 1942 984 1973 7.
1010 1939 1094 1973 dum
1130 1948 1194 1982 „so
1219 1938 1330 1982 lange
1355 1937 1435 1973 als“
1467 1937 1538 1973 mit
1563 1937 1647 1972 dem

902 1984 1072 2028 Perfekt,
1110 1985 1208 2021 oster
1238 1985 1301 2020 bei
1329 1985 1416 2021 Tac.
1446 1984 1524 2020 und
1555 1985 1652 2020 auch

81 2045 152 2068 nur
177 2033 396 2079 „glanzen“,
423 2032 495 2068 seit
520 2032 645 2068 Catull
669 2033 745 2068 und
769 2031 831 2066 Li-

81 2080 165 2115 vius
197 2081 294 2116 auch
325 2079 532 2126 ‚,lacheln“‚
563 2079 625 2115 bei
649 2079 736 2116 Tac.
761 2091 832 2114 nm·

83 2127 357 2171 „hohnlachen‚
408 2127 591 2162 hohnisch
638 2126 830 2172 grinsen“:

83 2178 117 2219 4,
143 2178 199 2210 60.
238 2173 326 2211 hist.
354 2178 388 2219 4,
413 2178 469 2210 43.

132 2227 164 2258 6.
190 2222 300 2258 verba
324 2232 394 2258 sua
416 2232 544 2267 praep.
570 2221 831 2266 '„stotternd“;

79 2270 300 2315 ‘praepedire
325 2269 427 2305 steht
457 2269 562 2304 sonst
591 2268 738 2304 iiberall
762 2268 833 2304 mit

85 2315 314 2352 sachlichem
346 2316 543 2362 Subjekte:
587 2319 620 2359 2,
651 2319 694 2351 73
721 2327 831 2362 prae-

79 2364 240 2410 peditus.
284 2367 318 2409 4,
344 2367 400 2400 25.
427 2367 460 2407 3,
486 2367 518 2399 3.
546 2366 590 2398 68
616 2364 702 2407 fletu
721 2373 830 2407 prae·

78 2412 258 2457 pediente.
298 2410 346 2446 So
381 2411 477 2446 auch
508 2410 569 2446 bei
599 2410 830 2445 Klassikern.

131 2505 195 2542 67.
217 2509 250 2541 2.
270 2505 418 2540 trahens
437 2503 744 2550 ‚,heranziehend,
768 2515 831 2540 an-

83 2552 280 2589 ffihrend“.

132 2604 166 2637 4.
205 2600 411 2636 consociare
447 2599 596 2642 facinus
639 2598 743 2644 „sich
787 2610 831 2633 zu

85 2647 186 2684 einer
217 2647 316 2682 That
345 2645 574 2681 verbinden“
605 2645 702 2680 nach
731 2645 829 2680 Ana-

84 2694 185 2741 logie
221 2705 295 2730 von
330 2694 536 2729 consociare
569 2693 741 2735 consilia,
778 2703 831 2727 re-

84 2753 214 2788 gnum,
256 2741 449 2787 imperium
491 2751 572 2775 cwm
614 2739 748 2784 aliquo.
786 2759 829 2765 ——

85 2789 231 2835 Wegen
258 2788 324 2824 der
348 2787 579 2832 Auslassung
602 2797 677 2822 von
705 2786 831 2830 fuisse,

87 2835 147 2872 die
171 2838 294 2872 zuerst
318 2835 380 2871 bei
404 2834 542 2879 Livius,
567 2833 628 2870 bei
647 2833 735 2869 Tac.
762 2844 831 2868 nur

85 2883 125 2919 in
150 2883 220 2919 den
239 2883 410 2919 Annalen
437 2881 659 2926 vorkommt,
683 2880 758 2926 vgl.
785 2892 830 2915 zu

903 2032 964 2067 bei
1000 2031 1138 2069 Cicero.
1184 2052 1227 2058 ——
1270 2032 1346 2067 Der
1382 2031 1547 2067 Infinitiv
1589 2031 1652 2068 bei

902 2090 1052 2124 merere,
1090 2079 1185 2115 auch
1218 2079 1261 2115 G.
1288 2083 1332 2114 28
1364 2080 1442 2114 und
1474 2090 1559 2114 ann.
1594 2082 1650 2123 14,

904 2131 968 2171 48,
1006 2126 1056 2162 ist
1085 2126 1314 2163 dichterisch
1344 2127 1420 2162 und
1451 2126 1651 2162 nachklas-

907 2174 1015 2210 sisch.
1066 2173 1192 2210 Cicero
1224 2175 1318 2210 setzt
1347 2178 1408 2218 ut,
1445 2174 1517 2209 wie
1555 2174 1651 2210 auch

904 2221 992 2257 Tac.
1019 2232 1104 2257 ann.
1130 2225 1163 2266 2,
1190 2225 1247 2257 37.

953 2272 1008 2305 10.
1035 2270 1145 2305 nosci.
1194 2269 1343 2305 Ebenso
1368 2268 1439 2304 mit
1466 2269 1652 2314 passivem

903 2315 1079 2360 Infinitiv,
1100 2320 1132 2361 3,
1152 2320 1197 2352 39
1224 2316 1301 2352 dici
1324 2316 1493 2352 decuerit.
1526 2316 1651 2352 Selten

904 2363 966 2398 bei
993 2362 1131 2399 Cicero.

953 2414 1009 2446 11.
1030 2411 1233 2456 incomptus
1252 2410 1535 2454 „schmucklos“
1555 2410 1651 2446 auch

905 2462 937 2501 3,
970 2462 990 2492 2
1028 2458 1146 2503 signa.
1197 2456 1319 2493 Germ.
1352 2461 1396 2492 14
1433 2461 1650 2503 apparatus.

903 2505 988 2550 Vgl.
1017 2503 1090 2540 Cic.
1118 2516 1168 2540 or.
1196 2508 1227 2547 ξ.
1250 2508 1293 2540 78
1319 2506 1372 2540 sic
1395 2505 1482 2540 haec
1505 2505 1651 2540 subtilis

903 2552 1022 2587 oratio
1047 2552 1156 2586 etiam
1180 2553 1365 2597 incompta
1389 2552 1551 2587 delectat.

894 2604 907 2612 “
954 2602 1008 2634 13.
1028 2602 1222 2643 promptus
1246 2598 1317 2634 mit
1342 2599 1428 2634 dem
1446 2598 1561 2634 Dativ
1586 2599 1650 2634 des

904 2645 1178 2681 Gerundivums
1211 2645 1273 2681 bei
1298 2645 1450 2681 Tacitus
1474 2657 1546 2681 nur
1569 2646 1651 2682 hier

903 2693 979 2728 und
1000 2695 1055 2737 12,
1077 2697 1099 2727 4
1124 2693 1347 2738 accipiendis
1370 2693 1649 2738 suspicionibus.

906 2760 952 2765 —
975 2740 1136 2776 insolens
1160 2740 1232 2776 mit
1256 2740 1341 2775 dem
1360 2739 1520 2777 Genetiv
1540 2744 1574 2785 6,
1594 2744 1649 2776 34.

902 2787 990 2823 hist.
1026 2791 1057 2832 1,
1084 2790 1129 2823 87
1163 2787 1240 2823 und
1271 2787 1386 2823 sehon
1417 2787 1478 2823 bei
1511 2787 1649 2824 Cicero.

952 2839 1006 2870 17.
1039 2846 1084 2870 ex
1114 2835 1315 2880 disciplina
1352 2834 1441 2880 „der
1472 2834 1652 2880 Ordnung

901 2881 1079 2928 gemars“.
