1786 3120
556 101 704 138 LIBER
728 101 826 138 XIII.
859 102 962 138 OAP.
988 106 1142 139 36—38.
1551 103 1636 147 105

66 210 267 252 virtutem
293 209 596 266 fortunamque
623 210 795 265 saepius
821 210 908 253 iam
933 210 1053 252 clade
1078 209 1278 252 Romana
1305 212 1537 265 expertam.
1582 213 1636 255 ad

67 283 118 311 ea
156 268 360 322 Corbulo,
406 269 512 312 satis
556 271 776 324 comperto
815 268 1064 325 Vologesen
1109 269 1349 312 defectione
1386 269 1634 325 Hyrcaniae
1661 286 1706 318 20

65 328 262 382 attineri,
295 328 445 370 suadet
476 328 660 370 Tiridati
692 327 889 382 precibus
921 326 1150 370 Caesarem
1182 328 1377 384 adgredi:
1409 343 1537 383 posse
1569 330 1636 371 illi

65 401 247 443 regnum
285 387 441 430 stabile
485 389 528 430 et
568 401 638 429 res
681 386 928 429 incruentas
968 387 1234 443 contingere,
1279 388 1316 429 si
1360 388 1522 430 omissa
1560 403 1635 444 spe

65 446 306 502 longinqua
338 449 381 488 et
412 461 508 489 sera
537 448 808 501 praesentem
839 446 1137 502 potioremque
1170 449 1432 501 sequeretur.

184 504 398 548 Placitum
424 505 588 560 dehinc,
614 505 716 560 quia
736 505 1080 548 commeantibus
1106 506 1152 547 in
1171 506 1308 548 vicem
1331 506 1498 548 nuntiis
1524 506 1635 549 nihil
1649 510 1704 554 38

64 564 112 606 in
156 579 368 606 summam
407 564 527 619 pacis
571 564 899 619 proficiebatur,
948 565 1178 620 conloquio
1228 565 1421 619 ipsorum
1463 567 1634 621 tempus

63 623 291 679 locumque
323 623 541 665 destinari.
590 623 710 665 mille
737 624 928 678 equitum
956 624 1219 678 praesidium
1244 623 1459 666 Tiridates
1486 625 1635 668 adfore

66 682 150 724 sibi
181 682 368 724 dicebat:
401 685 612 737 quantum
638 681 876 725 Corbuloni
908 683 1113 738 cuiusque
1145 683 1314 739 generis
1341 683 1528 725 militum
1561 684 1635 726 ad-

64 741 253 796 sisteret,
290 755 379 784 non
412 744 619 797 statuere,
658 742 759 784 dum
797 741 951 797 positis
983 742 1128 784 loricis
1161 745 1205 784 et
1236 742 1370 797 galeis
1402 743 1449 784 in
1479 742 1635 786 faciem
1661 757 1682 789 5

62 800 180 855 pacis
212 801 440 844 veniretur.
497 801 750 856 cuicumque
787 801 1053 856 mortalium,
1089 801 1246 843 nedum
1282 801 1419 843 veteri
1457 804 1500 843 et
1536 817 1634 857 pro-

62 859 161 902 vido
195 859 311 911 duci,
347 859 559 902 barbarae
591 860 779 903 astutiae
816 861 1079 916 patuissent:
1115 860 1211 903 ideo
1251 862 1393 902 artum
1430 861 1528 903 inde
1558 875 1636 903 nu-

62 921 228 961 merum
260 918 375 960 finiri
401 921 445 961 et
474 919 578 961 hinc
603 920 811 961 maiorem
837 919 993 974 offerri,
1024 922 1074 961 ut
1100 919 1224 962 dolus
1256 921 1499 974 pararetur;
1530 934 1635 962 nam

61 978 197 1032 equiti
229 978 486 1033 sagittarum
518 994 600 1020 usu
632 979 816 1020 exercito
848 979 886 1020 si
923 978 1093 1020 detecta
1129 993 1311 1033 corpora
1348 978 1634 1034 obicerentur,

61 1037 174 1078 nihil
210 1037 481 1092 profuturam
519 1037 854 1080 multitudinem.
917 1037 1189 1080 dissimulato
1227 1040 1376 1080 tamen
1412 1038 1635 1080 intellectu
1662 1054 1706 1086 10

61 1096 220 1138 rectius
254 1096 305 1138 de
336 1097 389 1138 iis
423 1111 532 1152 quae
563 1097 608 1139 in
639 1097 859 1152 publicum
891 1097 1213 1139 consulerentur
1242 1097 1349 1139 totis
1376 1097 1634 1139 exercitibus

61 1169 206 1197 coram
244 1155 549 1198 dissertaturos
586 1156 821 1211 respondit.
883 1156 1109 1211 locumque
1148 1156 1324 1212 delegit,
1368 1156 1488 1198 cuius
1532 1171 1634 1211 pars

62 1215 198 1256 altera
229 1214 360 1256 colles
398 1217 522 1256 erant
558 1215 789 1257 clementer
826 1214 1107 1271 adsurgentes
1145 1215 1402 1270 accipiendis
1440 1215 1634 1270 peditum

61 1273 296 1328 ordinibus,
327 1288 428 1328 pars
460 1274 508 1316 in
537 1274 763 1329 planitiem
794 1274 1100 1330 porrigebatur
1131 1274 1184 1316 ad
1210 1273 1486 1329 explicandas
1517 1275 1633 1330 equi-

59 1335 152 1374 tum
190 1335 367 1375 turmas.
430 1333 581 1389 dieque
618 1335 746 1388 pacto
785 1333 903 1388 prior
944 1331 1132 1375 Corbulo
1172 1333 1311 1376 socias
1350 1333 1551 1376 cohortes
1590 1336 1633 1375 et
1661 1348 1704 1380 15

61 1391 223 1434 auxilia
247 1405 399 1447 regum
429 1407 509 1447 pro
535 1392 750 1448 cornibus,
781 1392 921 1434 medio
948 1394 1116 1434 sextam
1142 1392 1358 1447 legionem
1393 1393 1633 1448 constituit,

60 1451 130 1493 cui
168 1451 306 1493 accita
341 1466 420 1505 per
449 1455 621 1494 noctem
653 1452 751 1494 aliis
791 1466 842 1493 ex
873 1452 1026 1494 castris
1064 1451 1150 1493 tria
1187 1451 1308 1494 milia
1344 1451 1632 1493 tertianorum

59 1510 389 1565 permiscuerat,
420 1525 507 1552 una
538 1525 635 1553 cum
669 1510 832 1566 aquila,
872 1511 996 1566 quasi
1028 1510 1176 1552 eadem
1206 1511 1321 1566 legio
1355 1512 1633 1565 spectaretur.

62 1568 278 1618 Tiridates
310 1572 516 1625 vergente
548 1570 635 1613 iam
668 1570 736 1612 die
768 1570 920 1624 procul
952 1569 1139 1624 adstitit,
1179 1569 1293 1611 unde
1324 1569 1462 1611 videri
1493 1570 1633 1626 magis

61 1688 382 1768 741912eae2pertam
412 1685 640 1731 passivisch,
673 1685 742 1722 wie
775 1690 808 1730 3,

109 1761 116 1768 .
198 1761 206 1777 ,
258 1759 265 1766 .

108 1783 165 1816 20.
198 1779 387 1824 Hyrcania
416 1780 481 1826 lag
513 1780 718 1816 sfidostlich
747 1792 809 1816 am
879 1781 1046 1824 parenti,

61 1827 275 1872 Kaspi-See.

108 1878 166 1911 21.
193 1875 345 1910 suadere
362 1873 434 1909 mit
453 1873 539 1909 dem
558 1874 723 1910 Infinitiv
742 1875 810 1910 hat

59 1921 144 1958 Tac.
178 1923 252 1957 erst
280 1921 321 1956 in
359 1921 433 1956 den
466 1921 654 1957 Annalen:
692 1926 725 1965 3,
752 1925 809 1956 53.

63 1972 118 2013 15,
145 1973 200 2004 63.
236 1972 292 2013 16,
318 1972 350 2003 9.
401 1967 508 2004 Auch
535 1967 609 2004 Cic.
637 1968 682 2003 de
709 1979 761 2005 or.
789 1972 807 2003 1

60 2019 92 2059 ς.
118 2019 199 2052 251.
238 2016 298 2051 fin.
326 2019 346 2050 2
374 2019 403 2058 §-
431 2019 487 2051 95.

107 2067 164 2099 22.
196 2064 412 2098 incruentus
449 2062 546 2098 auch
579 2067 611 2107 2,
638 2066 684 2098 46
715 2074 798 2108 pax

62 2114 117 2155 12,
143 2114 188 2146 46
214 2111 455 2154 condiciones,
480 2110 557 2145 und
584 2109 695 2153 often
724 2110 810 2146 sehr

60 2158 117 2194 oft
152 2157 215 2193 bei
246 2158 393 2201 Livius,
431 2157 528 2193 doch
564 2168 631 2193 vor
668 2157 809 2193 diesem

59 2217 130 2240 nur
154 2205 216 2241 bei
242 2205 394 2241 Sallust.

107 2299 172 2335 38.
218 2302 251 2334 2.
294 2309 436 2334 summa
481 2298 808 2346 ‚,Entscheidung“

60 2347 158 2382 nach
181 2345 326 2381 Livius.
358 2356 499 2381 summa
523 2346 623 2390 belli,
648 2347 736 2391 spei.

108 2397 140 2429 5.
167 2394 257 2429 dum
288 2393 382 2428 statt
411 2393 603 2430 dwmmodo
630 2393 699 2429 hat
722 2393 807 2430 Tac.

62 2441 154 2476 stets
177 2441 217 2476 in
249 2440 322 2475 den
345 2441 533 2484 Annalen,
564 2451 745 2495 wogegen
770 2452 810 2477 er

61 2489 253 2524 dummodo
277 2499 347 2522 nur
378 2486 429 2521 im
455 2468 552 2522 Dia'l.
578 2488 653 2523 und
678 2488 719 2523 in
743 2488 810 2524 der

63 2535 263 2571 Germania
294 2534 501 2570 anwendet.
535 2555 579 2561 —
610 2536 654 2570 in
677 2536 809 2579 faeiem

56 2583 166 2627 pacis
208 2594 314 2627 „zum
353 2581 514 2616 Zeichen
554 2582 655 2617 einer
695 2582 808 2618 fried-

62 2629 186 2665 lichen
216 2629 408 2665 Absicht‘fl
458 2629 571 2673 facies
602 2628 717 2664 heisst
746 2629 810 2666 bei

62 2675 148 2712 Tac.
188 2676 284 2712 oster
314 2675 433 2712 soviel
462 2676 519 2711 als
554 2677 688 2721 species
718 2677 808 2720 „das

62 2714 252 2759 A⁰ussere“.
295 2723 381 2769 Vg.1
416 2723 502 2759 hist.
535 2726 569 2767 5,
600 2726 647 2758 23
683 2733 808 2768 super-

63 2771 170 2814 fusus
183 2771 304 2806 amnis
315 2771 476 2806 insulam
488 2771 531 2806 in
543 2751 674 2814 faciem
686 2771 810 2816 staqni

64 2818 231 2899 opssfilevz't.
280 2808 381 2853 Uber
405 2818 472 2853 das
496 2817 742 2853 konsekutive
767 2818 810 2853 in

65 2875 92 2899 s.
152 2865 188 2899 in
208 2892 215 2900 .
242 2868 272 2907 ἓ.
299 2868 356 2900 48.

930 1690 962 1721 6.
987 1686 1120 1721 nedum
1153 1685 1224 1720 mit
1253 1685 1455 1730 positivem
1486 1685 1633 1731 Haupt—

882 1734 993 1777 satze,
1014 1733 1084 1768 wie
1103 1732 1174 1778 ΚΡ.
1191 1736 1236 1767 20
1256 1733 1480 1778 cuicumque,
1499 1734 1633 1768 nedum

1096 1780 1336 1822 defensionem
1386 1781 1629 1816 tribuendam.

883 1827 918 1862 S.
944 1827 1040 1862 Einl.
1068 1831 1097 1869 ἓ.
1128 1830 1206 1862 105.

931 1877 963 1910 7.
988 1874 1064 1909 Der
1081 1874 1180 1910 Plur.
1201 1874 1360 1909 astutiae
1379 1875 1475 1909 auch
1494 1874 1575 1910 Ter.
1595 1887 1635 1910 u.

884 1920 1022 1957 Cicero.
1050 1941 1094 1946 —
1121 1921 1206 1956 inde
1232 1920 1266 1956 d.
1288 1921 1325 1956 h.
1345 1920 1411 1956 auf
1429 1921 1548 1956 seiten
1568 1921 1633 1957 der

882 1968 1057 2012 Parther,
1084 1969 1170 2003 hinc
1193 1968 1256 2003 bei
1281 1967 1354 2003 den
1378 1968 1551 2003 Romern.

933 2019 988 2050 10.
1020 2016 1222 2050 intellectus
1258 2016 1352 2050 statt
1388 2016 1633 2061 intelligentia

801 2091 808 2099 .
883 2063 960 2098 erst
971 2062 1044 2097 seit
1056 2062 1178 2108 Vellej
1183 2074 1223 2097 us
1236 2061 1516 2107 gebrauchlich,
1532 2063 1633 2099 dann

882 2109 1010 2155 haufig
1033 2109 1086 2144 im
1112 2109 1299 2145 silbernen
1324 2109 1468 2145 Latein.

933 2161 986 2192 12.
1001 2157 1195 2192 dissertare
1207 2156 1259 2192 ist
1269 2156 1350 2192 eine
1361 2157 1631 2193 archa'istische

819 2246 824 2250 ι
881 2203 1009 2249 Form,
1037 2203 1098 2239 die
1125 2206 1202 2240 erst
1226 2203 1287 2239 bei
1305 2203 1390 2240 Tac.
1410 2204 1549 2240 wieder
1575 2216 1631 2240 er·

883 2250 1046 2287 scheint:
1074 2255 1129 2295 12,
1146 2255 1189 2286 11
1215 2251 1281 2287 ubi
1304 2251 1392 2286 haee
1410 2255 1517 2298 atque
1535 2253 1631 2288 talia

882 2299 1126 2335 dissertavere.
1165 2298 1252 2334 hist.
1278 2302 1312 2342 4,
1339 2302 1395 2335 69.

933 2350 986 2382 13.
1019 2346 1224 2390 elementer,
1261 2357 1348 2381 vom
1379 2345 1532 2382 Terrain
1567 2358 1631 2392 ge-

881 2393 1056 2437 braucht3
1083 2393 1158 2439 vgl.
1185 2405 1231 2428 zu
1258 2397 1313 2437 12,
1339 2397 1395 2428 33.

932 2444 987 2476 14.
1014 2441 1064 2476 ad
1082 2441 1333 2485 eaeplieandas.
1361 2439 1433 2475 Mit
1452 2440 1537 2475 dem
1557 2439 1630 2475 Da-

881 2487 937 2523 tiv
970 2487 1035 2522 des
1063 2486 1336 2522 Gerundivums
1361 2487 1539 2522 wechselt
1570 2487 1630 2523 die

880 2533 1118 2579 Praposition
1144 2535 1212 2577 ad,
1244 2534 1314 2569 wie
1340 2537 1373 2577 2,
1401 2537 1422 2568 6
1448 2534 1630 2579 accipien-

881 2582 1007 2627 disque
1032 2582 1147 2626 copiis
1171 2585 1204 2616 et
1234 2581 1556 2617 transmittendum
1580 2582 1631 2617 ad

881 2629 1010 2664 bellum
1034 2631 1254 2673 opportuna.

931 2679 986 2711 16.
1006 2676 1122 2711 medio
1142 2674 1426 2711 substantiviert
1443 2675 1520 2710 und
1534 2675 1630 2710 ohne

880 2721 1121 2768 Praposition
1153 2722 1250 2758 auch
1282 2725 1314 2766 1,
1341 2725 1397 2757 64.
1425 2724 1481 2757 68.
1511 2726 1544 2765 2,
1572 2725 1630 2758 52.

882 2769 917 2806 S.
943 2770 1040 2805 Einl.
1068 2773 1098 2812 ἓ.
1126 2773 1183 2805 35.

931 2820 986 2852 19.
1012 2820 1185 2862 verqente,
1211 2828 1238 2852 s.
1265 2829 1311 2852 zu
1330 2817 1400 2862 ΚΡ.
1423 2820 1465 2852 19
1485 2827 1630 2862 veryen-

882 2867 950 2899 tem
975 2864 1095 2899 annis.
