1820 3100
575 107 720 146 LIBER
738 107 799 144 VI.
845 107 948 144 CAP.
975 110 1130 143 42-44.

196 216 261 259 Ac
310 216 347 259 si
399 216 548 259 statim
596 217 806 259 interiora
853 217 1103 270 ceterasque
1152 215 1353 258 nationes
1402 215 1641 272 petivisset,
1654 216 1713 259 43

1560 106 1648 149 291·

78 290 288 331 oppressa
325 276 621 319 cunctantium
659 275 873 318 dubitatio
911 276 955 316 et
992 288 1141 317 omnes
1172 274 1218 316 in
1248 288 1386 316 unum
1416 274 1643 317 cedebant:

78 335 314 378 adsidendo
346 335 589 389 castellum,
625 335 672 377 in
702 334 814 389 quod
845 333 1072 390 pecuniam
1103 335 1147 375 et
1177 333 1363 388 paelices
1395 332 1644 376 Artabanus

77 394 341 449 contulerat,
384 394 501 436 dedit
543 394 730 450 spatium
776 392 956 435 exuendi
998 394 1137 448 pacta.
1199 407 1301 434 nam
1343 391 1556 435 Phraates
1602 395 1646 435 et

75 452 210 496 Hiero
249 456 294 495 et
332 452 370 495 si
407 454 480 509 qui
517 453 591 495 alii
632 452 846 495 delectum
877 451 1086 507 capiendo
1119 451 1351 494 diademati
1382 451 1497 494 diem
1528 451 1646 494 haud
1672 462 1692 494 5

77 512 502 567 concelebraverant,
538 526 639 567 pars
677 514 816 567 metu,
853 510 1027 567 quidam
1064 510 1228 553 invidia
1263 510 1312 552 in
1343 510 1645 567 Abdagaesen,

77 572 153 627 qui
183 574 277 614 tum
308 571 409 614 aula
439 573 482 613 et
511 585 624 614 novo
656 585 758 627 rege
789 571 1050 626 potiebatur,
1082 569 1136 612 ad
1161 570 1435 612 Artabanum
1459 573 1645 625 vertere3

75 631 197 686 isque
236 631 283 672 in
322 629 539 685 Hyrcanis
578 633 776 685 repertus
817 631 901 684 est,
942 629 1104 672 inluvie
1145 629 1311 671 obsitus
1353 631 1396 671 et
1436 629 1646 672 alimenta

76 704 176 732 arcu
196 689 451 744 expediens.
514 703 564 732 ac
594 689 737 745 primo
769 691 992 744 tamquam
1025 689 1150 731 dolus
1189 690 1417 743 pararetur
1453 688 1645 744 territus,

76 748 152 791 ubi
184 748 286 791 data
322 748 428 790 fides
466 748 706 791 reddendae
744 747 1032 790 dominationi
1070 747 1258 803 venisse,
1296 747 1520 790 adlevatur
1557 747 1645 790 ani·
1671 758 1716 790 10

74 822 193 850 mum
219 810 262 849 et
289 821 398 863 quae
422 807 649 862 repentina
673 807 860 850 mutatio
885 806 1084 862 exquirit.
1133 809 1228 849 tum
1254 806 1388 849 Hiero
1412 807 1646 861 pueritiam

75 866 283 909 Tiridatis
314 867 520 923 increpat,
551 881 689 923 neque
721 881 852 922 penes
879 865 1118 909 Arsaciden
1142 866 1383 920 imperium,
1415 866 1490 908 sed
1515 865 1645 908 inane

74 940 235 969 nomen
255 926 370 981 apud
390 926 592 968 inbellem
613 928 789 968 externa
809 926 1008 981 mollitia,
1032 926 1121 967 vim
1148 925 1195 967 in
1214 925 1485 981 Abdagaesis
1506 924 1646 969 domo.

193 984 339 1028 Sensit
369 987 492 1027 vetus
524 985 735 1041 regnandi
772 984 907 1027 falsos
944 985 990 1027 in
1028 998 1174 1027 amore
1213 984 1312 1026 odia
1348 998 1437 1027 non
1467 984 1646 1040 fingere.
1658 985 1719 1027 44

74 1057 151 1086 nec
181 1045 298 1087 ultra
322 1046 529 1100 moratus,
561 1059 691 1100 quam
717 1044 818 1086 dum
845 1043 1105 1099 Scytharum
1133 1043 1294 1086 auxilia
1319 1044 1521 1099 conciret,
1551 1057 1647 1099 per-

75 1103 142 1158 git
173 1117 382 1158 properus
414 1105 458 1144 et
487 1103 767 1159 praeveniens
799 1103 1075 1145 inimicorum
1107 1105 1245 1157 astus,
1278 1102 1516 1146 amicorum
1547 1117 1646 1158 pae-

73 1162 320 1216 nitentiam3
370 1177 509 1218 neque
551 1165 727 1205 exuerat
766 1162 1015 1218 paedorem,
1057 1164 1108 1204 ut
1146 1162 1327 1217 vulgum
1368 1162 1646 1204 miseratione

74 1221 331 1264 adverteret.
391 1236 480 1264 non
509 1221 650 1277 fraus,
688 1236 775 1264 non
806 1236 973 1277 preces,
1009 1221 1122 1263 nihil
1154 1221 1362 1263 omissum
1394 1236 1479 1277 quo
1512 1220 1646 1263 ambi·
1671 1232 1692 1263 5

73 1293 183 1335 guos
214 1280 423 1336 inliceret,
454 1282 647 1336 prompti
676 1281 964 1323 firmarentur.
1012 1280 1189 1335 iamque
1210 1280 1350 1322 multa
1380 1295 1513 1322 manu
1543 1294 1645 1335 pro-

74 1339 288 1395 pinquans
309 1338 529 1382 Seleuciae
556 1340 830 1395 adventabat,
856 1354 953 1382 cum
974 1339 1189 1381 Tiridates
1216 1339 1345 1382 simul
1370 1338 1489 1382 fama
1515 1341 1645 1395 atque

73 1399 169 1453 ipso
189 1398 418 1441 Artabano
443 1399 667 1454 perculsus
695 1399 881 1442 distrahi
900 1398 1106 1453 consiliis,
1130 1398 1216 1441 iret
1233 1401 1386 1441 contra
1405 1413 1462 1440 an
1480 1398 1646 1441 bellum

74 1458 350 1500 cunctatione
375 1460 596 1501 tractaret.
641 1458 795 1515 quibus
821 1458 1037 1515 proelium
1063 1460 1106 1499 et
1131 1457 1328 1500 festinati
1354 1472 1478 1500 casus
1504 1458 1646 1513 place-

73 1516 188 1569 bant,
215 1517 419 1560 disiectos
445 1520 489 1560 et
513 1517 832 1574 longinquitate
858 1517 1028 1560 itineris
1053 1517 1194 1560 fessos
1219 1532 1274 1559 ne
1300 1517 1444 1559 animo
1471 1517 1646 1572 quidem
1673 1527 1718 1559 10

74 1576 183 1618 satis
209 1576 263 1618 ad
289 1577 546 1633 obsequium
571 1577 784 1620 coaluisse
804 1576 1031 1632 disserunt,
1056 1577 1301 1631 proditores
1320 1590 1457 1631 nuper
1476 1576 1645 1618 hostes-

74 1649 156 1690 que
187 1636 292 1691 eius,
324 1650 450 1691 quem
482 1651 653 1679 rursum
679 1636 869 1679 foveant.
917 1650 1067 1678 verum
1092 1634 1374 1691 Abdagaeses
1400 1635 1647 1691 regredien-

73 1693 174 1736 dum
210 1695 256 1736 in
287 1694 649 1750 Mesopotamiam
686 1696 908 1751 censebat,
944 1697 994 1737 ut
1031 1709 1158 1738 amne
1196 1695 1384 1749 obiecto,
1423 1694 1644 1736 Armeniis

71 1821 149 1856 und
181 1826 243 1866 15,
269 1826 290 1858 2
325 1824 435 1859 simul
468 1824 672 1859 diademate
710 1826 822 1867 eaput

77 1868 258 1905 Tiridatis
282 1871 441 1913 evinoeit;
475 1873 580 1906 sonst
604 1871 676 1906 seit
700 1869 823 1915 Virgil

72 1915 135 1952 bei
159 1915 350 1952 Dichtern.

120 1967 185 2005 43.
222 1973 255 2004 2.
290 1968 425 2005 Hinter
456 1980 629 2015 oppressa
659 1970 710 2005 ist
743 1972 822 2005 erat

74 2016 184 2061 (statt
208 2017 307 2061 esset)
327 2029 372 2052 zu
397 2020 591 2062 erganzen.
690 2028 728 2052 er
748 2017 821 2052 den

74 2062 266 2099 Indikativ
293 2064 358 2099 des
381 2064 632 2109 Hauptsatzes
657 2063 735 2099 und
761 2064 820 2099 die

72 2111 384 2156 ungewohnliche
405 2111 656 2157 Satzstellung
676 2122 704 2146 s.
724 2110 823 2147 Einl.

73 2160 104 2200 §-
127 2161 207 2203 103,
230 2162 262 2194 1.

121 2214 154 2246 3.
191 2212 358 2248 adsidere
387 2211 459 2247 mit
492 2212 576 2248 dem
609 2211 823 2253 Accusativ,

75 2269 102 2292 δ’
122 2270 168 2341 ff
191 2261 347 2342 2233...
380 2306 451 2341 mit
486 2306 571 2342 dem
605 2305 720 2341 Dativ
759 2307 825 2342 des

76 2351 359 2397 Gerundivums,
387 2365 414 2389 s.
435 2353 531 2390 Einl.
552 2357 583 2397 §-
607 2357 688 2398 109,
707 2353 744 2390 b.

121 2409 154 2442 8.
187 2397 290 2442 'Uber
322 2406 382 2442 die
408 2406 608 2452 Hyrkaner
639 2418 666 2443 s.
694 2419 738 2442 zu
766 2418 826 2452 cp.

77 2456 134 2489 36.
167 2474 211 2479 -
246 2454 421 2498 inluvies,
455 2465 525 2488 nur
561 2454 619 2490 ein
650 2453 729 2489 Mal
762 2453 825 2489 bei

75 2499 222 2546 Cicero,
259 2500 311 2537 ist
345 2501 450 2536 sonst
483 2501 712 2537 dichterisch
747 2501 824 2537 und

75 2547 368 2584 nachklassisch.

125 2597 181 2630 10.
201 2596 405 2632 reddendae
418 2595 663 2631 dominationi
674 2595 820 2632 venisse.

75 2641 224 2679 Ebenso
244 2643 339 2679 setzt
358 2642 510 2678 Tacitus
532 2642 604 2677 den
622 2642 737 2678 Dativ
757 2643 821 2678 des

77 2688 349 2726 Gerundivums
368 2689 464 2726 auch
480 2689 542 2725 bei
556 2689 719 2725 anderen
731 2690 822 2725 Ver-

75 2733 150 2771 ben
169 2736 235 2773 der
252 2736 483 2783 Bewegung:
509 2737 658 2781 mittere,
684 2737 823 2780 ducere,

71 2786 202 2826 petere.
228 2805 274 2811 —
299 2776 400 2820 Uber
426 2783 499 2820 den
517 2783 717 2819 Accusativ
742 2784 824 2819 ani-

76 2839 173 2865 mum
198 2841 226 2866 s.
246 2831 342 2868 Einl.
363 2835 395 2875 §-
416 2835 472 2867 24.

125 2880 189 2919 44.
225 2887 256 2920 1.
291 2887 392 2921 vetus
426 2886 534 2930 (statt
562 2886 718 2931 peritus)
754 2884 825 2920 mit

895 1823 980 1858 dem
1006 1822 1178 1866 Genetiv,
1210 1823 1281 1858 wie
1312 1827 1349 1868 1,
1375 1827 1431 1859 20.
1469 1843 1512 1848 -
1542 1822 1644 1866 odia,

893 1869 1059 1905 namlich
1084 1881 1205 1915 gegen
1229 1870 1290 1906 die
1309 1881 1404 1906 nene
1423 1869 1644 1905 Herrschaft

895 1917 960 1952 des
987 1916 1185 1952 Tiridates.

943 1974 975 2004 3.
995 1980 1190 2015 properus,
1216 1970 1310 2005 statt
1335 1970 1438 2006 eines
1457 1969 1642 2014 Adverbs,

895 2029 920 2052 s.
941 2016 1038 2051 Einl.
1059 2020 1090 2060 ξ.
1112 2021 1144 2052 6.

949 2073 981 2105 4.
1007 2070 1160 2115 paedor,
1190 2069 1252 2106 bei
1283 2068 1438 2105 Tacitus
1470 2067 1534 2105 ἅτε.
1562 2069 1645 2115 εἰει,

900 2116 951 2152 ist
977 2118 1082 2152 sonst
1106 2116 1350 2160 dichterisch3
1376 2117 1415 2152 in
1434 2117 1551 2153 Prosa
1574 2128 1646 2152 nur

899 2165 997 2199 noch
1022 2164 1084 2200 bei
1103 2163 1177 2200 Cic.
1197 2165 1304 2200 Tusc.
1326 2169 1359 2208 3,
1379 2168 1443 2209 263
1469 2165 1569 2200 daun
1593 2164 1647 2200 im

899 2210 1124 2257 Spatlatein.

947 2269 980 2301 6.
1017 2266 1182 2301 inliceret
1216 2285 1260 2291 —
1295 2266 1546 2310 firmarentur,
1584 2265 1647 2301 ein

898 2311 1092 2349 ahnlicher
1109 2312 1284 2348 Wechsel
1303 2313 1368 2348 des
1392 2324 1511 2359 genus
1530 2312 1649 2349 Verbi

899 2360 970 2395 wie
996 2364 1034 2405 3,
1062 2364 1105 2395 12
1131 2361 1275 2396 nudare
1299 2380 1344 2386 —
1364 2361 1573 2405 permittere
1602 2381 1645 2386 —

900 2408 1121 2453 differrique.
1168 2411 1224 2451 13,
1246 2411 1265 2442 7
1292 2408 1478 2444 admovere
1504 2428 1549 2433 —
1574 2407 1645 2443 col-

900 2454 1024 2491 locari.
1065 2454 1151 2500 Vgl.
1169 2453 1266 2490 Einl.
1286 2458 1317 2497 ἓ.
1340 2458 1418 2498 119,
1440 2458 1471 2490 7.

947 2511 979 2543 7.
1010 2507 1085 2543 Der
1109 2507 1332 2543 historische
1357 2507 1523 2542 Infinitiv
1548 2507 1647 2542 nach

898 2565 978 2590 cum
1004 2554 1189 2589 ebenfalls
1215 2558 1248 2599 2,
1269 2557 1326 2590 31.
1352 2558 1409 2590 40.
1435 2554 1523 2590 hist.
1544 2557 1577 2598 3,
1598 2558 1643 2589 31

896 2601 972 2636 und
998 2601 1105 2637 efter.

944 2652 976 2684 8.
1013 2647 1082 2684 Die
1106 2659 1202 2684 neue
1227 2647 1367 2684 Phrase
1393 2647 1522 2684 bellum
1547 2650 1646 2684 trac-

896 2698 975 2731 tare
1009 2696 1109 2731 steht
1142 2696 1238 2731 auch
1271 2698 1304 2740 1,
1330 2698 1386 2731 59.
1425 2695 1511 2731 hist.
1538 2699 1572 2740 4,
1600 2700 1644 2732 73

896 2743 994 2778 nach
1027 2743 1156 2778 Livius
1190 2742 1267 2778 und
1302 2742 1376 2778 den
1413 2742 1644 2779 klassischen

895 2789 1141 2836 Ausdrficken
1164 2790 1435 2834 rempublicam,
1460 2791 1645 2836 neqotium

896 2840 1063 2874 tractare.
1113 2836 1278 2872 Ahnlich
1309 2837 1397 2873 hist.
1424 2841 1456 2882 3,
1485 2841 1503 2872 1
1537 2839 1644 2875 duces

897 2885 1051 2920 consilia
1077 2884 1160 2920 belli
1183 2885 1404 2921 tractabant.

1288 2943 1360 2979 19*
