1794 3126
119 410 176 452 32

123 1711 180 1754 33

190 118 275 160 146

624 117 853 155 CORNELII
876 117 1036 154 TACITI
1061 118 1322 154 ANNALIUM

193 227 373 269 arduum
404 226 630 269 videbatur
661 227 882 269 excindere
915 227 1127 270 coloniam
1158 227 1290 269 nullis
1322 229 1600 271 munimentis
1632 232 1751 285 saep-

120 301 165 335 20
191 288 300 341 tam,
339 286 453 342 quod
492 286 668 329 ducibus
706 287 866 329 nostris
897 301 1048 341 parum
1080 287 1302 341 provisum
1333 290 1444 343 erat,
1481 288 1581 330 dum
1613 303 1752 332 amoe-

190 346 319 388 nitati
351 346 469 400 prius
503 361 631 401 quam
662 346 759 388 usui
791 346 1038 388 consulitur.

307 404 425 446 Inter
457 419 564 460 quae
595 405 715 446 nulla
743 406 884 459 palam
912 420 1039 447 causa
1065 405 1287 460 delapsum
1313 403 1597 448 Camuloduni
1622 407 1752 449 simu·

189 465 352 506 lacrum
384 463 603 506 Victoriae
643 478 691 506 ac
728 466 843 505 retro
881 478 1150 519 conversum,
1188 465 1311 520 quasi
1343 465 1512 507 cederet
1541 465 1752 509 hostibus.

191 526 235 565 et
264 523 447 565 feminae
474 523 518 564 in
544 524 731 564 furorem
757 523 957 564 turbatae
984 523 1131 565 adesse
1158 524 1333 565 exitium
1360 524 1584 579 canebant,
1615 526 1752 567 exter-

189 596 354 637 nosque
385 582 580 623 fremitus
609 583 653 623 in
679 582 796 623 curia
822 596 968 623 eorum
995 582 1180 638 auditos,
1212 583 1489 625 consonuisse
1513 583 1751 626 ululatibus

143 658 164 689 5
190 641 409 682 theatrum
452 641 673 695 visamque
717 641 900 695 speciem
941 641 986 682 in
1023 642 1236 683 aestuario
1275 642 1484 684 Tamesae
1523 643 1752 685 subversae

192 699 403 742 coloniae:
446 699 532 741 iam
571 698 764 741 Oceanus
810 701 984 741 cruento
1029 702 1222 755 aspectu,
1266 701 1478 744 dilabente
1518 704 1637 744 aestu
1675 701 1752 744 hu-

191 773 418 800 manorum
451 772 678 813 corporum
710 758 873 814 effigies
905 759 1090 814 relictae,
1120 762 1168 801 ut
1193 759 1411 803 Britannis
1445 760 1498 802 ad
1527 775 1658 816 spem,
1688 761 1754 803 ita

189 817 403 860 veteranis
441 817 495 859 ad
532 820 693 860 metum
732 817 1027 860 trahebantur.
1089 818 1163 860 sed
1200 820 1300 874 quia
1336 820 1484 875 procul
1521 819 1751 862 Suetonius

191 877 357 932 aberat,
401 877 591 932 petivere
634 892 659 918 a
698 875 805 919 Cato
842 876 1034 919 Deciano
1078 880 1353 932 procuratore
1391 879 1609 921 auxilium.

123 954 166 985 10
191 936 307 978 haud
339 936 523 990 amplius
556 951 685 991 quam
718 936 920 978 ducentos
954 937 1045 978 sine
1075 936 1201 978 iustis
1228 938 1356 979 armis
1381 938 1516 993 misit,
1548 943 1590 980 et
1614 938 1754 980 inerat

1676 879 1751 921 ille

192 995 361 1038 modica
397 995 581 1036 militum
619 1010 784 1038 manus.
844 996 981 1037 tutela
1010 996 1161 1051 templi
1192 996 1310 1051 freti,
1348 999 1391 1038 et
1421 997 1753 1051 impedientibus

192 1055 264 1111 qui
295 1054 450 1097 occulti
480 1055 730 1097 rebellionis
757 1055 917 1097 conscii
943 1055 1122 1097 consilia
1147 1055 1397 1111 turbabant,
1427 1069 1564 1111 neque
1587 1056 1751 1098 fossam

192 1116 267 1156 aut
296 1114 455 1155 vallum
481 1113 798 1168 praeduxerunt
827 1128 964 1169 neque
990 1114 1119 1156 motis
1146 1115 1317 1157 senibus
1344 1117 1387 1156 et
1410 1114 1581 1156 feminis
1608 1115 1751 1157 iuven-

190 1175 261 1215 tus
294 1174 386 1216 sola
416 1173 596 1215 restitit:
636 1174 756 1228 quasi
794 1173 935 1215 media
965 1188 1070 1228 pace
1101 1174 1263 1216 incauti
1294 1174 1568 1215 multitudine
1599 1173 1753 1216 barba-

126 1248 169 1280 15
195 1247 340 1275 rorum
376 1232 778 1275 circumveniuntur.
840 1235 882 1274 et
914 1235 1053 1274 cetera
1085 1233 1255 1288 quidem
1286 1233 1448 1288 impetu
1481 1233 1649 1289 direpta
1679 1235 1755 1275 aut

194 1292 371 1333 incensa
409 1294 523 1346 sunt3
561 1292 768 1347 templum
806 1292 851 1333 in
889 1306 971 1348 quo
1008 1306 1051 1334 se
1083 1293 1205 1334 miles
1237 1293 1587 1348 conglobaverat,
1624 1292 1754 1335 biduo

195 1351 419 1393 obsessum
452 1354 840 1407 expugnatumque.
901 1354 945 1393 et
976 1351 1113 1394 victor
1144 1351 1379 1394 Britannus
1411 1351 1566 1393 Petilio
1596 1349 1755 1393 Ceriali

194 1410 339 1466 legato
383 1409 566 1466 legionis
610 1424 748 1452 nonae
792 1411 836 1452 in
882 1410 1120 1452 subsidium
1165 1410 1412 1453 adventanti
1457 1410 1607 1453 obvius
1646 1410 1757 1452 fudit

193 1469 426 1525 legionem,
465 1471 507 1511 et
545 1469 658 1524 quod
688 1469 880 1524 peditum
911 1469 1137 1512 interfecit.
1199 1468 1378 1512 Cerialis
1410 1484 1506 1512 cum
1539 1469 1754 1525 equitibus

123 1545 169 1577 20
196 1528 334 1570 evasit
360 1528 405 1569 in
431 1530 574 1570 castra
599 1531 642 1570 et
667 1528 942 1570 munimentis
970 1528 1167 1570 defensus
1197 1532 1272 1571 est.
1323 1544 1408 1585 qua
1432 1528 1552 1571 clade
1579 1531 1621 1570 et
1646 1527 1753 1571 odiis

193 1587 450 1642 provinciae,
481 1602 609 1642 quam
641 1587 823 1629 avaritia
855 1587 944 1629 eius
975 1588 1021 1629 in
1051 1588 1212 1630 bellum
1244 1590 1403 1643 egerat,
1432 1587 1625 1642 trepidus
1656 1601 1753 1642 pro-

196 1648 367 1688 curator
399 1643 531 1688 Catus
563 1646 608 1687 in
642 1645 828 1688 Galliam
859 1647 1044 1688 transiit.

311 1705 372 1747 At
403 1703 630 1747 Suetonius
668 1705 776 1748 mira
817 1706 1059 1747 constantia
1088 1705 1252 1747 medios
1283 1705 1394 1746 inter
1423 1704 1570 1747 hostes
1600 1704 1755 1747 Londi-

194 1764 315 1806 nium
345 1765 549 1819 perrexit,
589 1767 874 1820 cognomento
910 1764 1081 1820 quidem
1113 1764 1306 1806 coloniae
1337 1779 1424 1806 non
1455 1764 1643 1820 insigne,
1681 1763 1755 1806 sed

195 1823 319 1879 copia
349 1823 669 1878 negotiatorum
701 1826 744 1865 et
774 1826 1091 1865 commeatuum
1123 1823 1306 1866 maxime
1339 1823 1514 1866 celebre.
1559 1823 1633 1869 ¹ibi
1665 1838 1755 1865 am-

244 1955 300 1987 19.
337 1941 437 1986 Uber
476 1951 541 1986 das
580 1951 720 1987 seltene
754 1952 967 1997 excindere*

195 2002 433 2081 &223221132752
461 2045 631 2090 ,‚indem“
668 2045 738 2081 mit
767 2046 941 2081 kausaler

196 2091 432 2138 Bedeutung3
460 2104 487 2128 e.
514 2093 610 2128 Einl.
637 2097 667 2136 ξ.
694 2097 750 2128 90.

243 2186 308 2223 32.
352 2191 384 2223 4.
424 2198 555 2223 eorum.
610 2188 685 2223 Der
718 2188 837 2223 Name
876 2187 941 2223 der

195 2233 420 2269 Einwohner
467 2234 517 2269 ist
559 2246 623 2270 aus
666 2235 750 2270 dem
792 2235 939 2271 voi-auf-

196 2281 391 2326 gehenden
418 2281 685 2317 St'adtenamen
710 2294 754 2317 zu
780 2281 940 2328 supplie-

195 2340 273 2364 ren.
324 2328 371 2364 So
397 2329 493 2364 auch
517 2328 579 2364 bei
603 2328 740 2365 Livius.

245 2379 277 2411 5.
312 2374 380 2411 Die
411 2375 521 2411 Form
556 2376 709 2412 Tamesa
739 2377 841 2412 steht
871 2389 941 2412 nur

195 2422 278 2458 hier
296 2423 373 2457 und
390 2423 452 2458 bei
472 2423 665 2469 Griechen,
691 2424 860 2470 dagegen
878 2424 941 2460 bei

197 2470 333 2506 Caesar
361 2470 530 2506 Tamesis.

245 2521 277 2553 6.
309 2517 378 2552 Die
409 2519 490 2554 rote
518 2518 638 2553 Farbe
671 2518 736 2552 der
762 2518 831 2553 See
862 2529 941 2554 war

197 2564 314 2600 durch
345 2563 467 2611 Algen
504 2566 592 2601 oder
625 2565 832 2601 Infusorien
862 2567 940 2601 ent-

197 2612 364 2647 standen.

247 2663 279 2694 ’1.
313 2658 398 2694 Wie
424 2659 560 2706 efftyies
584 2672 628 2695 zu
653 2659 850 2695 verstehen
875 2659 940 2705 sei,

197 2705 249 2741 ist
272 2706 417 2742 unklar.

246 2757 278 2788 8.
313 2754 453 2789 trahere
477 2754 570 2789 statt
593 2754 845 2799 interpretari,
869 2753 939 2789 wie

197 2799 283 2835 hist.
317 2804 349 2845 5,
387 2805 429 2836 13
461 2802 503 2837 in
533 2805 673 2837 metum.
723 2812 806 2836 ann.
835 2805 868 2846 4,
895 2805 940 2836 64

198 2847 248 2882 ad
278 2848 432 2891 culpam.
484 2852 538 2894 12,
566 2853 609 2884 52
635 2849 684 2884 ad
709 2848 940 2892 clementiam,

196 2893 273 2928 und
298 2893 403 2930 oster.

1062 1956 1115 1987 11.
1150 1951 1274 1987 tutela.
1323 1951 1397 1986 Der
1427 1950 1581 1996 Tempel
1611 1950 1758 1986 scheint

1013 1999 1092 2034 also
1120 1999 1203 2034 sehr
1227 1998 1301 2033 fest
1324 2009 1498 2044 gewesen
1524 2010 1570 2033 zu
1594 1998 1684 2034 sein.

1061 2050 1115 2082 13.
1150 2046 1390 2091 praeducere,
1428 2046 1490 2080 bei
1525 2045 1611 2081 Tac.
1649 2045 1755 2080 nicht

1013 2094 1126 2137 ofter,
1161 2094 1258 2128 auch
1286 2093 1349 2128 bei
1380 2092 1533 2136 Caesar3
1571 2093 1673 2127 sonst
1701 2092 1756 2127 im

1013 2140 1199 2175 silbernen
1224 2140 1356 2175 Latein
1382 2140 1457 2175 und
1481 2140 1542 2175 bei
1564 2139 1754 2175 Dichtern.

1013 2208 1060 2213 —-
1084 2199 1196 2233 ‘neque
1217 2188 1322 2223 motis
1342 2188 1407 2222 ctt.
1428 2188 1520 2222 statt
1537 2198 1649 2232 neque
1665 2187 1757 2222 moti

1012 2239 1117 2271 erant
1140 2246 1212 2271 sen.
1237 2238 1271 2270 et
1294 2235 1394 2278 fem„
1420 2238 1463 2270 ut
1486 2235 1655 2270 iuventus
1677 2233 1756 2270 sola

1012 2286 1171 2318 restaret.
1211 2303 1256 2308 —
1294 2282 1369 2317 Das
1414 2281 1579 2327 Simplex
1619 2290 1756 2316 movere

1012 2331 1104 2366 statt
1132 2340 1306 2365 removere
1336 2329 1425 2364 oder
1455 2330 1635 2365 demovere
1658 2327 1754 2363 ohne

1014 2377 1247 2422 Ortsangabe
1273 2377 1372 2412 steht
1397 2376 1493 2412 auch
1516 2375 1588 2421 Kp.
1613 2377 1658 2410 60
1682 2384 1753 2410 mo·

1012 2428 1113 2460 vetur
1149 2428 1268 2460 tamen
1300 2424 1422 2468 primo
1458 2423 1576 2459 civilis
1603 2421 1755 2458 discidii

1012 2472 1127 2516 specie
1151 2472 1226 2506 und
1251 2470 1367 2507 sehon
1391 2470 1453 2506 bei
1477 2470 1615 2506 Cicero.

1061 2523 1115 2554 17.
1154 2518 1309 2554 Cerialis
1338 2519 1388 2553 ist
1413 2519 1536 2563 spater
1561 2515 1662 2551 einer
1686 2515 1754 2551 der

1011 2566 1244 2612 tsichtigsten
1268 2564 1493 2600 Feldherren
1523 2563 1588 2599 des
1613 2562 1754 2609 Vespa-

1013 2610 1754 2704 ἓξὲξἔῗέἓῖεἶιὲἓῗῗέἒὲξῗῗέἕοῗ

1429 2686 1438 2703 ἱ

1012 2707 1112 2752 vilis,
1145 2707 1223 2742 und
1249 2707 1304 2742 als
1329 2705 1552 2742 Statthalter
1575 2715 1649 2740 von
1672 2703 1754 2740 Bri·

1010 2754 1164 2790 tannien
1188 2753 1435 2790 auszeiohnet.

1058 2801 1121 2837 33.
1158 2807 1190 2838 1.
1220 2800 1375 2837 London
1407 2798 1496 2834 wird
1526 2798 1608 2834 hier
1633 2798 1753 2834 zuei-st

1012 2849 1196 2893 erwahnt,
1227 2848 1325 2883 daun
1356 2846 1451 2882 auch
1480 2845 1541 2880 bei
1566 2844 1751 2881 Ammian.

1059 2900 1090 2931 3.
1129 2896 1234 2941 eopia
1259 2894 1340 2938 ott,
1371 2893 1441 2929 wie
1469 2892 1558 2930 Sall.
1583 2892 1666 2939 Jug.
1691 2895 1752 2938 47,
