<?xml version="1.0" encoding="UTF-8"?>
<!DOCTYPE html PUBLIC "-//W3C//DTD XHTML 1.0 Transitional//EN"
    "http://www.w3.org/TR/xhtml1/DTD/xhtml1-transitional.dtd">
<html xmlns="http://www.w3.org/1999/xhtml" xml:lang="en" lang="en">
 <head>
  <title>
</title>
<meta http-equiv="Content-Type" content="text/html;charset=utf-8" />
  <meta name='ocr-system' content='tesseract 3.04.00' />
  <meta name='ocr-capabilities' content='ocr_page ocr_carea ocr_par ocr_line ocrx_word'/>
</head>
<body>
  <div class='ocr_page' id='page_1' title='image "./dieannalen01taciuoft_0223.png"; bbox 0 0 1820 3100; ppageno 0'>
   <div class='ocr_carea' id='block_1_1' title="bbox 593 70 1142 110">
    <p class='ocr_par' dir='ltr' id='par_1_1' title="bbox 593 70 1142 110">
     <span class='ocr_line' id='line_1_1' title="bbox 593 70 1142 110; baseline -0.002 -1"><span class='ocrx_word' id='word_1_1' title='bbox 593 72 740 109; x_wconf 80' lang='lat' dir='ltr'>LIBER</span> <span class='ocrx_word' id='word_1_2' title='bbox 756 71 820 110; x_wconf 84' lang='lat' dir='ltr'><strong>IV.</strong></span> <span class='ocrx_word' id='word_1_3' title='bbox 866 70 969 108; x_wconf 80' lang='lat' dir='ltr'><strong>CAP.</strong></span> <span class='ocrx_word' id='word_1_4' title='bbox 991 73 1142 108; x_wconf 82' lang='lat'>16—18.</span> 
     </span>
    </p>
   </div>
   <div class='ocr_carea' id='block_1_2' title="bbox 1570 71 1657 115">
    <p class='ocr_par' dir='ltr' id='par_1_2' title="bbox 1570 71 1657 115">
     <span class='ocr_line' id='line_1_2' title="bbox 1570 71 1657 115; baseline -0.023 0"><span class='ocrx_word' id='word_1_5' title='bbox 1570 71 1657 115; x_wconf 84' lang='lat'><strong>211</strong></span> 
     </span>
    </p>
   </div>
   <div class='ocr_carea' id='block_1_3' title="bbox 97 178 1734 531">
    <p class='ocr_par' dir='ltr' id='par_1_3' title="bbox 97 178 1734 531">
     <span class='ocr_line' id='line_1_3' title="bbox 99 178 1665 241; baseline -0.003 -14"><span class='ocrx_word' id='word_1_6' title='bbox 99 198 185 241; x_wconf 87' lang='lat' dir='ltr'><strong>qua</strong></span> <span class='ocrx_word' id='word_1_7' title='bbox 214 182 432 226; x_wconf 88' lang='lat' dir='ltr'><strong>flaminica</strong></span> <span class='ocrx_word' id='word_1_8' title='bbox 460 180 600 224; x_wconf 88' lang='lat' dir='ltr'><strong>Dialis</strong></span> <span class='ocrx_word' id='word_1_9' title='bbox 632 194 854 222; x_wconf 88' lang='lat' dir='ltr'><strong>sacrorum</strong></span> <span class='ocrx_word' id='word_1_10' title='bbox 885 194 1016 222; x_wconf 90' lang='lat' dir='ltr'><strong>causa</strong></span> <span class='ocrx_word' id='word_1_11' title='bbox 1052 179 1099 221; x_wconf 94' lang='lat' dir='ltr'><strong>in</strong></span> <span class='ocrx_word' id='word_1_12' title='bbox 1134 180 1354 234; x_wconf 71' lang='lat' dir='ltr'><strong>potestate</strong></span> <span class='ocrx_word' id='word_1_13' title='bbox 1385 178 1485 233; x_wconf 90' lang='lat' dir='ltr'><strong>viri,</strong></span> <span class='ocrx_word' id='word_1_14' title='bbox 1522 181 1665 222; x_wconf 90' lang='lat' dir='ltr'><strong>cetera</strong></span> 
     </span>
     <span class='ocr_line' id='line_1_4' title="bbox 97 237 1734 300; baseline -0.004 -14"><span class='ocrx_word' id='word_1_15' title='bbox 97 243 315 300; x_wconf 91' lang='lat' dir='ltr'><strong>promisco</strong></span> <span class='ocrx_word' id='word_1_16' title='bbox 343 240 605 284; x_wconf 88' lang='lat' dir='ltr'><strong>feminarum</strong></span> <span class='ocrx_word' id='word_1_17' title='bbox 635 239 726 281; x_wconf 89' lang='lat' dir='ltr'><strong>iure</strong></span> <span class='ocrx_word' id='word_1_18' title='bbox 759 240 920 294; x_wconf 87' lang='lat' dir='ltr'><strong>ageret.</strong></span> <span class='ocrx_word' id='word_1_19' title='bbox 983 240 1027 280; x_wconf 92' lang='lat' dir='ltr'><strong>et</strong></span> <span class='ocrx_word' id='word_1_20' title='bbox 1058 237 1174 280; x_wconf 77' lang='lat' dir='ltr'><strong>filius</strong></span> <span class='ocrx_word' id='word_1_21' title='bbox 1204 237 1518 293; x_wconf 82' lang='lat' dir='ltr'>Maluginensis</span> <span class='ocrx_word' id='word_1_22' title='bbox 1547 238 1664 292; x_wconf 90' lang='lat' dir='ltr'><strong>patri</strong></span> <span class='ocrx_word' id='word_1_23' title='bbox 1689 248 1734 280; x_wconf 84' lang='lat'><strong>15</strong></span> 
     </span>
     <span class='ocr_line' id='line_1_5' title="bbox 100 296 1662 355; baseline -0.004 -11"><span class='ocrx_word' id='word_1_24' title='bbox 100 301 317 344; x_wconf 88' lang='lat' dir='ltr'><strong>suffectus.</strong></span> <span class='ocrx_word' id='word_1_25' title='bbox 378 302 512 355; x_wconf 88' lang='lat' dir='ltr'><strong>utque</strong></span> <span class='ocrx_word' id='word_1_26' title='bbox 561 297 763 354; x_wconf 90' lang='lat' dir='ltr'><strong>glisceret</strong></span> <span class='ocrx_word' id='word_1_27' title='bbox 811 297 1007 354; x_wconf 75' lang='lat' dir='ltr'>dignatio</span> <span class='ocrx_word' id='word_1_28' title='bbox 1058 296 1330 339; x_wconf 77' lang='lat' dir='ltr'><strong>sacerdotum</strong></span> <span class='ocrx_word' id='word_1_29' title='bbox 1375 298 1504 352; x_wconf 91' lang='lat' dir='ltr'><strong>atque</strong></span> <span class='ocrx_word' id='word_1_30' title='bbox 1552 296 1662 351; x_wconf 88' lang='lat' dir='ltr'><strong>ipsis</strong></span> 
     </span>
     <span class='ocr_line' id='line_1_6' title="bbox 97 354 1664 416; baseline -0.004 -13"><span class='ocrx_word' id='word_1_31' title='bbox 97 360 340 416; x_wconf 75' lang='lat' dir='ltr'><strong>promptior</strong></span> <span class='ocrx_word' id='word_1_32' title='bbox 371 358 540 401; x_wconf 90' lang='lat' dir='ltr'><strong>animus</strong></span> <span class='ocrx_word' id='word_1_33' title='bbox 571 357 682 399; x_wconf 84' lang='lat' dir='ltr'><strong>foret</strong></span> <span class='ocrx_word' id='word_1_34' title='bbox 713 356 768 399; x_wconf 89' lang='lat' dir='ltr'><strong>ad</strong></span> <span class='ocrx_word' id='word_1_35' title='bbox 799 356 1087 412; x_wconf 86' lang='lat' dir='ltr'><strong>capessendas</strong></span> <span class='ocrx_word' id='word_1_36' title='bbox 1120 355 1414 411; x_wconf 89' lang='lat' dir='ltr'><strong>caerimonias,</strong></span> <span class='ocrx_word' id='word_1_37' title='bbox 1444 354 1664 397; x_wconf 90' lang='lat' dir='ltr'><strong>decretum</strong></span> 
     </span>
     <span class='ocr_line' id='line_1_7' title="bbox 100 413 1662 473; baseline -0.004 -11"><span class='ocrx_word' id='word_1_38' title='bbox 100 418 328 462; x_wconf 81' lang='lat' dir='ltr'><strong>Corneliae</strong></span> <span class='ocrx_word' id='word_1_39' title='bbox 358 416 538 473; x_wconf 88' lang='lat' dir='ltr'><strong>virgini,</strong></span> <span class='ocrx_word' id='word_1_40' title='bbox 578 429 688 472; x_wconf 89' lang='lat' dir='ltr'><strong>quae</strong></span> <span class='ocrx_word' id='word_1_41' title='bbox 718 415 766 456; x_wconf 94' lang='lat' dir='ltr'><strong>in</strong></span> <span class='ocrx_word' id='word_1_42' title='bbox 796 415 940 458; x_wconf 88' lang='lat' dir='ltr'><strong>locum</strong></span> <span class='ocrx_word' id='word_1_43' title='bbox 973 413 1174 458; x_wconf 79' lang='lat' dir='ltr'><strong>Scantiae</strong></span> <span class='ocrx_word' id='word_1_44' title='bbox 1206 415 1476 470; x_wconf 84' lang='lat' dir='ltr'><strong>capiebatur,</strong></span> <span class='ocrx_word' id='word_1_45' title='bbox 1508 415 1662 456; x_wconf 90' lang='lat' dir='ltr'><strong>sester-</strong></span> 
     </span>
     <span class='ocr_line' id='line_1_8' title="bbox 98 472 1664 531; baseline -0.004 -10"><span class='ocrx_word' id='word_1_46' title='bbox 98 479 208 521; x_wconf 90' lang='lat' dir='ltr'><strong>tium</strong></span> <span class='ocrx_word' id='word_1_47' title='bbox 235 477 411 531; x_wconf 89' lang='lat' dir='ltr'><strong>viciens,</strong></span> <span class='ocrx_word' id='word_1_48' title='bbox 436 478 479 518; x_wconf 91' lang='lat' dir='ltr'><strong>et</strong></span> <span class='ocrx_word' id='word_1_49' title='bbox 504 474 706 530; x_wconf 88' lang='lat' dir='ltr'><strong>quotiens</strong></span> <span class='ocrx_word' id='word_1_50' title='bbox 731 473 936 531; x_wconf 89' lang='lat' dir='ltr'><strong>Augusta</strong></span> <span class='ocrx_word' id='word_1_51' title='bbox 961 474 1179 518; x_wconf 79' lang='lat' dir='ltr'><strong>theatrum</strong></span> <span class='ocrx_word' id='word_1_52' title='bbox 1205 473 1443 527; x_wconf 81' lang='lat' dir='ltr'><strong>introisset,</strong></span> <span class='ocrx_word' id='word_1_53' title='bbox 1468 475 1517 515; x_wconf 90' lang='lat' dir='ltr'><strong>ut</strong></span> <span class='ocrx_word' id='word_1_54' title='bbox 1542 472 1664 515; x_wconf 91' lang='lat' dir='ltr'><strong>sedes</strong></span> 
     </span>
    </p>
   </div>
   <div class='ocr_carea' id='block_1_4' title="bbox 99 533 774 580">
    <p class='ocr_par' dir='ltr' id='par_1_4' title="bbox 99 533 774 580">
     <span class='ocr_line' id='line_1_9' title="bbox 99 533 774 580; baseline -0.007 0"><span class='ocrx_word' id='word_1_55' title='bbox 99 537 214 580; x_wconf 88' lang='lat' dir='ltr'><strong>inter</strong></span> <span class='ocrx_word' id='word_1_56' title='bbox 244 535 487 579; x_wconf 82' lang='lat' dir='ltr'><strong>Vestalium</strong></span> <span class='ocrx_word' id='word_1_57' title='bbox 518 533 774 576; x_wconf 88' lang='lat' dir='ltr'><strong>consideret.</strong></span> 
     </span>
    </p>
   </div>
   <div class='ocr_carea' id='block_1_5' title="bbox 219 590 1737 649">
    <p class='ocr_par' dir='ltr' id='par_1_5' title="bbox 219 590 1737 649">
     <span class='ocr_line' id='line_1_10' title="bbox 219 590 1737 649; baseline -0.003 -11"><span class='ocrx_word' id='word_1_58' title='bbox 219 594 417 638; x_wconf 84' lang='lat' dir='ltr'><strong>Cornelio</strong></span> <span class='ocrx_word' id='word_1_59' title='bbox 455 592 646 649; x_wconf 83' lang='lat' dir='ltr'><strong>Cethego</strong></span> <span class='ocrx_word' id='word_1_60' title='bbox 684 591 870 635; x_wconf 87' lang='lat' dir='ltr'><strong>Visellio</strong></span> <span class='ocrx_word' id='word_1_61' title='bbox 902 591 1100 635; x_wconf 90' lang='lat' dir='ltr'><strong>Varrone</strong></span> <span class='ocrx_word' id='word_1_62' title='bbox 1143 591 1395 635; x_wconf 90' lang='lat' dir='ltr'><strong>consulibus</strong></span> <span class='ocrx_word' id='word_1_63' title='bbox 1437 590 1666 646; x_wconf 87' lang='lat' dir='ltr'><strong>pontifices</strong></span> <span class='ocrx_word' id='word_1_64' title='bbox 1683 591 1737 634; x_wconf 80' lang='lat'><strong>17</strong></span> 
     </span>
    </p>
   </div>
   <div class='ocr_carea' id='block_1_6' title="bbox 98 649 1715 1123">
    <p class='ocr_par' dir='ltr' id='par_1_6' title="bbox 98 649 1715 1123">
     <span class='ocr_line' id='line_1_11' title="bbox 100 649 1666 709; baseline -0.003 -12"><span class='ocrx_word' id='word_1_65' title='bbox 100 669 334 709; x_wconf 90' lang='lat' dir='ltr'><strong>eorumque</strong></span> <span class='ocrx_word' id='word_1_66' title='bbox 378 652 576 707; x_wconf 86' lang='lat' dir='ltr'><strong>exemplo</strong></span> <span class='ocrx_word' id='word_1_67' title='bbox 621 651 752 694; x_wconf 90' lang='lat' dir='ltr'><strong>ceteri</strong></span> <span class='ocrx_word' id='word_1_68' title='bbox 795 651 1060 707; x_wconf 84' lang='lat' dir='ltr'><strong>sacerdotes,</strong></span> <span class='ocrx_word' id='word_1_69' title='bbox 1103 666 1201 693; x_wconf 91' lang='lat' dir='ltr'><strong>cum</strong></span> <span class='ocrx_word' id='word_1_70' title='bbox 1243 665 1322 707; x_wconf 89' lang='lat' dir='ltr'><strong>pro</strong></span> <span class='ocrx_word' id='word_1_71' title='bbox 1365 649 1666 693; x_wconf 88' lang='lat' dir='ltr'><strong>incolumitate</strong></span> 
     </span>
     <span class='ocr_line' id='line_1_12' title="bbox 99 708 1667 770; baseline -0.004 -14"><span class='ocrx_word' id='word_1_72' title='bbox 99 713 310 770; x_wconf 89' lang='lat' dir='ltr'><strong>principis</strong></span> <span class='ocrx_word' id='word_1_73' title='bbox 343 714 446 755; x_wconf 90' lang='lat' dir='ltr'><strong>vota</strong></span> <span class='ocrx_word' id='word_1_74' title='bbox 477 711 756 767; x_wconf 85' lang='lat' dir='ltr'><strong>susciperent,</strong></span> <span class='ocrx_word' id='word_1_75' title='bbox 786 709 1004 753; x_wconf 90' lang='lat' dir='ltr'><strong>Neronem</strong></span> <span class='ocrx_word' id='word_1_76' title='bbox 1037 725 1208 767; x_wconf 88' lang='lat' dir='ltr'><strong>quoque</strong></span> <span class='ocrx_word' id='word_1_77' title='bbox 1241 716 1283 752; x_wconf 88' lang='lat' dir='ltr'><strong>et</strong></span> <span class='ocrx_word' id='word_1_78' title='bbox 1306 709 1498 753; x_wconf 90' lang='lat' dir='ltr'><strong>Drusum</strong></span> <span class='ocrx_word' id='word_1_79' title='bbox 1529 708 1667 751; x_wconf 92' lang='lat' dir='ltr'><strong>isdem</strong></span> 
     </span>
     <span class='ocr_line' id='line_1_13' title="bbox 101 767 1668 826; baseline -0.003 -11"><span class='ocrx_word' id='word_1_80' title='bbox 101 773 166 815; x_wconf 91' lang='lat' dir='ltr'><strong>dis</strong></span> <span class='ocrx_word' id='word_1_81' title='bbox 193 771 559 826; x_wconf 85' lang='lat' dir='ltr'><strong>commendavere,</strong></span> <span class='ocrx_word' id='word_1_82' title='bbox 583 785 672 812; x_wconf 91' lang='lat' dir='ltr'><strong>non</strong></span> <span class='ocrx_word' id='word_1_83' title='bbox 696 772 787 812; x_wconf 88' lang='lat' dir='ltr'><strong>tam</strong></span> <span class='ocrx_word' id='word_1_84' title='bbox 813 769 994 823; x_wconf 69' lang='lat' dir='ltr'><strong>caritate</strong></span> <span class='ocrx_word' id='word_1_85' title='bbox 1019 770 1224 812; x_wconf 89' lang='lat' dir='ltr'><strong>iuvenum</strong></span> <span class='ocrx_word' id='word_1_86' title='bbox 1249 784 1379 825; x_wconf 93' lang='lat' dir='ltr'><strong>quam</strong></span> <span class='ocrx_word' id='word_1_87' title='bbox 1405 767 1668 822; x_wconf 89' lang='lat' dir='ltr'><strong>adulatione,</strong></span> 
     </span>
     <span class='ocr_line' id='line_1_14' title="bbox 99 827 1715 888; baseline -0.002 -14"><span class='ocrx_word' id='word_1_88' title='bbox 99 846 210 888; x_wconf 90' lang='lat' dir='ltr'><strong>quae</strong></span> <span class='ocrx_word' id='word_1_89' title='bbox 241 830 433 873; x_wconf 90' lang='lat' dir='ltr'><strong>moribus</strong></span> <span class='ocrx_word' id='word_1_90' title='bbox 467 829 681 884; x_wconf 90' lang='lat' dir='ltr'><strong>corruptis</strong></span> <span class='ocrx_word' id='word_1_91' title='bbox 712 828 890 884; x_wconf 88' lang='lat' dir='ltr'><strong>perinde</strong></span> <span class='ocrx_word' id='word_1_92' title='bbox 921 843 1098 884; x_wconf 85' lang='lat' dir='ltr'><strong>anceps,</strong></span> <span class='ocrx_word' id='word_1_93' title='bbox 1131 829 1167 871; x_wconf 89' lang='lat' dir='ltr'><strong>si</strong></span> <span class='ocrx_word' id='word_1_94' title='bbox 1198 829 1320 871; x_wconf 92' lang='lat' dir='ltr'><strong>nulla</strong></span> <span class='ocrx_word' id='word_1_95' title='bbox 1350 830 1394 870; x_wconf 92' lang='lat' dir='ltr'><strong>et</strong></span> <span class='ocrx_word' id='word_1_96' title='bbox 1423 828 1499 870; x_wconf 94' lang='lat' dir='ltr'><strong>ubi</strong></span> <span class='ocrx_word' id='word_1_97' title='bbox 1529 827 1668 869; x_wconf 88' lang='lat' dir='ltr'><strong>nimia</strong></span> <span class='ocrx_word' id='word_1_98' title='bbox 1693 838 1715 870; x_wconf 83' lang='lat'>5</span> 
     </span>
     <span class='ocr_line' id='line_1_15' title="bbox 100 886 1669 943; baseline -0.003 -10"><span class='ocrx_word' id='word_1_99' title='bbox 100 892 178 933; x_wconf 92' lang='lat' dir='ltr'><strong>est.</strong></span> <span class='ocrx_word' id='word_1_100' title='bbox 226 904 329 932; x_wconf 91' lang='lat' dir='ltr'><strong>nam</strong></span> <span class='ocrx_word' id='word_1_101' title='bbox 354 889 554 932; x_wconf 89' lang='lat' dir='ltr'><strong>Tiberius</strong></span> <span class='ocrx_word' id='word_1_102' title='bbox 584 887 700 930; x_wconf 86' lang='lat' dir='ltr'><strong>haud</strong></span> <span class='ocrx_word' id='word_1_103' title='bbox 731 902 921 943; x_wconf 89' lang='lat' dir='ltr'><strong>unquam</strong></span> <span class='ocrx_word' id='word_1_104' title='bbox 954 887 1101 930; x_wconf 92' lang='lat' dir='ltr'><strong>domui</strong></span> <span class='ocrx_word' id='word_1_105' title='bbox 1134 887 1380 930; x_wconf 84' lang='lat' dir='ltr'><strong>Germanici</strong></span> <span class='ocrx_word' id='word_1_106' title='bbox 1410 886 1543 941; x_wconf 89' lang='lat' dir='ltr'><strong>mitis,</strong></span> <span class='ocrx_word' id='word_1_107' title='bbox 1573 888 1669 928; x_wconf 89' lang='lat' dir='ltr'><strong>tum</strong></span> 
     </span>
     <span class='ocr_line' id='line_1_16' title="bbox 98 945 1667 1004; baseline -0.003 -12"><span class='ocrx_word' id='word_1_108' title='bbox 98 964 200 992; x_wconf 91' lang='lat' dir='ltr'><strong>vero</strong></span> <span class='ocrx_word' id='word_1_109' title='bbox 243 948 420 1004; x_wconf 90' lang='lat' dir='ltr'><strong>aequari</strong></span> <span class='ocrx_word' id='word_1_110' title='bbox 457 947 754 990; x_wconf 88' lang='lat' dir='ltr'><strong>adulescentes</strong></span> <span class='ocrx_word' id='word_1_111' title='bbox 792 949 990 989; x_wconf 90' lang='lat' dir='ltr'><strong>senectae</strong></span> <span class='ocrx_word' id='word_1_112' title='bbox 1029 961 1131 989; x_wconf 85' lang='lat' dir='ltr'><strong>suae</strong></span> <span class='ocrx_word' id='word_1_113' title='bbox 1168 947 1429 1002; x_wconf 88' lang='lat' dir='ltr'><strong>inpatienter</strong></span> <span class='ocrx_word' id='word_1_114' title='bbox 1458 945 1667 999; x_wconf 84' lang='lat' dir='ltr'><strong>indoluit3</strong></span> 
     </span>
     <span class='ocr_line' id='line_1_17' title="bbox 99 1003 1668 1063; baseline -0.003 -12"><span class='ocrx_word' id='word_1_115' title='bbox 99 1008 345 1063; x_wconf 86' lang='lat' dir='ltr'><strong>accitosque</strong></span> <span class='ocrx_word' id='word_1_116' title='bbox 375 1006 601 1062; x_wconf 88' lang='lat' dir='ltr'><strong>pontifices</strong></span> <span class='ocrx_word' id='word_1_117' title='bbox 633 1007 914 1061; x_wconf 86' lang='lat' dir='ltr'><strong>percontatus</strong></span> <span class='ocrx_word' id='word_1_118' title='bbox 947 1008 1029 1062; x_wconf 88' lang='lat' dir='ltr'><strong>est,</strong></span> <span class='ocrx_word' id='word_1_119' title='bbox 1067 1021 1172 1048; x_wconf 92' lang='lat' dir='ltr'><strong>num</strong></span> <span class='ocrx_word' id='word_1_120' title='bbox 1203 1006 1247 1048; x_wconf 91' lang='lat' dir='ltr'><strong>id</strong></span> <span class='ocrx_word' id='word_1_121' title='bbox 1278 1005 1476 1061; x_wconf 89' lang='lat' dir='ltr'><strong>precibus</strong></span> <span class='ocrx_word' id='word_1_122' title='bbox 1509 1003 1668 1061; x_wconf 89' lang='lat' dir='ltr'><strong>Agrip-</strong></span> 
     </span>
     <span class='ocr_line' id='line_1_18' title="bbox 99 1064 1669 1123; baseline -0.003 -14"><span class='ocrx_word' id='word_1_123' title='bbox 99 1067 227 1123; x_wconf 82' lang='lat' dir='ltr'><strong>pinae</strong></span> <span class='ocrx_word' id='word_1_124' title='bbox 259 1068 334 1109; x_wconf 89' lang='lat' dir='ltr'><strong>aut</strong></span> <span class='ocrx_word' id='word_1_125' title='bbox 363 1066 493 1108; x_wconf 89' lang='lat' dir='ltr'><strong>minis</strong></span> <span class='ocrx_word' id='word_1_126' title='bbox 524 1065 795 1108; x_wconf 89' lang='lat' dir='ltr'><strong>tribuissent.</strong></span> <span class='ocrx_word' id='word_1_127' title='bbox 859 1066 902 1106; x_wconf 88' lang='lat' dir='ltr'><strong>et</strong></span> <span class='ocrx_word' id='word_1_128' title='bbox 939 1065 1004 1106; x_wconf 94' lang='lat' dir='ltr'><strong>illi</strong></span> <span class='ocrx_word' id='word_1_129' title='bbox 1037 1065 1210 1120; x_wconf 91' lang='lat' dir='ltr'><strong>quidem</strong></span> <span class='ocrx_word' id='word_1_130' title='bbox 1242 1078 1504 1121; x_wconf 88' lang='lat' dir='ltr'><strong>quamquam</strong></span> <span class='ocrx_word' id='word_1_131' title='bbox 1536 1064 1669 1105; x_wconf 89' lang='lat' dir='ltr'><strong>abnu-</strong></span> 
     </span>
    </p>
   </div>
   <div class='ocr_carea' id='block_1_7' title="bbox 100 1122 1741 1180">
    <p class='ocr_par' dir='ltr' id='par_1_7' title="bbox 100 1122 1741 1180">
     <span class='ocr_line' id='line_1_19' title="bbox 100 1122 1741 1180; baseline -0.001 -12"><span class='ocrx_word' id='word_1_132' title='bbox 100 1128 242 1180; x_wconf 84' lang='lat' dir='ltr'><strong>erent,</strong></span> <span class='ocrx_word' id='word_1_133' title='bbox 290 1125 457 1167; x_wconf 83' lang='lat' dir='ltr'><strong>modice</strong></span> <span class='ocrx_word' id='word_1_134' title='bbox 501 1123 742 1179; x_wconf 86' lang='lat' dir='ltr'><strong>perstricti,</strong></span> <span class='ocrx_word' id='word_1_135' title='bbox 793 1123 953 1166; x_wconf 90' lang='lat' dir='ltr'><strong>etenim</strong></span> <span class='ocrx_word' id='word_1_136' title='bbox 995 1139 1097 1179; x_wconf 89' lang='lat' dir='ltr'><strong>pars</strong></span> <span class='ocrx_word' id='word_1_137' title='bbox 1141 1137 1301 1180; x_wconf 88' lang='lat' dir='ltr'><strong>magna</strong></span> <span class='ocrx_word' id='word_1_138' title='bbox 1346 1138 1368 1166; x_wconf 89' lang='lat' dir='ltr'><strong>e</strong></span> <span class='ocrx_word' id='word_1_139' title='bbox 1410 1122 1669 1179; x_wconf 87' lang='lat' dir='ltr'><strong>propinquis</strong></span> <span class='ocrx_word' id='word_1_140' title='bbox 1699 1133 1741 1166; x_wconf 84' lang='grc' dir='ltr'><strong>ιο</strong></span> 
     </span>
    </p>
   </div>
   <div class='ocr_carea' id='block_1_8' title="bbox 99 1182 1743 1592">
    <p class='ocr_par' dir='ltr' id='par_1_8' title="bbox 99 1182 1743 1592">
     <span class='ocr_line' id='line_1_20' title="bbox 99 1182 1669 1240; baseline -0.002 -13"><span class='ocrx_word' id='word_1_141' title='bbox 99 1184 238 1240; x_wconf 87' lang='lat' dir='ltr'><strong>ipsius</strong></span> <span class='ocrx_word' id='word_1_142' title='bbox 270 1186 345 1226; x_wconf 89' lang='lat' dir='ltr'><strong>aut</strong></span> <span class='ocrx_word' id='word_1_143' title='bbox 375 1184 588 1239; x_wconf 91' lang='lat' dir='ltr'><strong>primores</strong></span> <span class='ocrx_word' id='word_1_144' title='bbox 614 1182 804 1224; x_wconf 88' lang='lat' dir='ltr'><strong>civitatis</strong></span> <span class='ocrx_word' id='word_1_145' title='bbox 831 1185 973 1237; x_wconf 85' lang='lat' dir='ltr'><strong>erant3</strong></span> <span class='ocrx_word' id='word_1_146' title='bbox 1005 1184 1196 1225; x_wconf 90' lang='lat' dir='ltr'><strong>ceterum</strong></span> <span class='ocrx_word' id='word_1_147' title='bbox 1222 1184 1267 1225; x_wconf 93' lang='lat' dir='ltr'><strong>in</strong></span> <span class='ocrx_word' id='word_1_148' title='bbox 1293 1185 1446 1225; x_wconf 90' lang='lat' dir='ltr'><strong>senatu</strong></span> <span class='ocrx_word' id='word_1_149' title='bbox 1472 1182 1669 1225; x_wconf 91' lang='lat' dir='ltr'><strong>oratione</strong></span> 
     </span>
     <span class='ocr_line' id='line_1_21' title="bbox 99 1241 1670 1298; baseline -0.003 -12"><span class='ocrx_word' id='word_1_150' title='bbox 99 1243 270 1286; x_wconf 90' lang='lat' dir='ltr'><strong>monuit</strong></span> <span class='ocrx_word' id='word_1_151' title='bbox 306 1243 352 1285; x_wconf 94' lang='lat' dir='ltr'><strong>in</strong></span> <span class='ocrx_word' id='word_1_152' title='bbox 389 1244 632 1298; x_wconf 92' lang='lat' dir='ltr'><strong>posterum,</strong></span> <span class='ocrx_word' id='word_1_153' title='bbox 674 1255 727 1283; x_wconf 92' lang='lat' dir='ltr'><strong>ne</strong></span> <span class='ocrx_word' id='word_1_154' title='bbox 766 1241 862 1296; x_wconf 90' lang='lat' dir='ltr'><strong>quis</strong></span> <span class='ocrx_word' id='word_1_155' title='bbox 900 1241 1084 1284; x_wconf 90' lang='lat' dir='ltr'><strong>mobiles</strong></span> <span class='ocrx_word' id='word_1_156' title='bbox 1123 1242 1466 1285; x_wconf 88' lang='lat' dir='ltr'><strong>adulescentium</strong></span> <span class='ocrx_word' id='word_1_157' title='bbox 1503 1241 1670 1283; x_wconf 89' lang='lat' dir='ltr'><strong>animos</strong></span> 
     </span>
     <span class='ocr_line' id='line_1_22' title="bbox 99 1299 1672 1358; baseline -0.002 -14"><span class='ocrx_word' id='word_1_158' title='bbox 99 1301 390 1358; x_wconf 87' lang='lat' dir='ltr'><strong>praematuris</strong></span> <span class='ocrx_word' id='word_1_159' title='bbox 415 1300 653 1343; x_wconf 89' lang='lat' dir='ltr'><strong>honoribus</strong></span> <span class='ocrx_word' id='word_1_160' title='bbox 674 1300 729 1342; x_wconf 90' lang='lat' dir='ltr'><strong>ad</strong></span> <span class='ocrx_word' id='word_1_161' title='bbox 748 1300 995 1354; x_wconf 89' lang='lat' dir='ltr'><strong>superbiam</strong></span> <span class='ocrx_word' id='word_1_162' title='bbox 1017 1302 1254 1344; x_wconf 89' lang='lat' dir='ltr'><strong>extolleret.</strong></span> <span class='ocrx_word' id='word_1_163' title='bbox 1298 1301 1494 1343; x_wconf 88' lang='lat' dir='ltr'><strong>instabat</strong></span> <span class='ocrx_word' id='word_1_164' title='bbox 1513 1299 1672 1356; x_wconf 90' lang='lat' dir='ltr'><strong>quippe</strong></span> 
     </span>
     <span class='ocr_line' id='line_1_23' title="bbox 104 1358 1672 1415; baseline -0.003 -11"><span class='ocrx_word' id='word_1_165' title='bbox 104 1359 287 1405; x_wconf 84' lang='lat' dir='ltr'><strong>Seianus</strong></span> <span class='ocrx_word' id='word_1_166' title='bbox 319 1360 631 1415; x_wconf 87' lang='lat' dir='ltr'><strong>incusabatque</strong></span> <span class='ocrx_word' id='word_1_167' title='bbox 663 1359 882 1401; x_wconf 85' lang='lat' dir='ltr'><strong>diductam</strong></span> <span class='ocrx_word' id='word_1_168' title='bbox 915 1360 1137 1402; x_wconf 87' lang='lat' dir='ltr'><strong>civitatem</strong></span> <span class='ocrx_word' id='word_1_169' title='bbox 1168 1362 1218 1402; x_wconf 89' lang='lat' dir='ltr'><strong>ut</strong></span> <span class='ocrx_word' id='word_1_170' title='bbox 1249 1360 1365 1402; x_wconf 92' lang='lat' dir='ltr'><strong>civili</strong></span> <span class='ocrx_word' id='word_1_171' title='bbox 1398 1358 1524 1401; x_wconf 90' lang='lat' dir='ltr'><strong>bello.</strong></span> <span class='ocrx_word' id='word_1_172' title='bbox 1577 1372 1672 1401; x_wconf 89' lang='lat' dir='ltr'><strong>esse</strong></span> 
     </span>
     <span class='ocr_line' id='line_1_24' title="bbox 102 1417 1743 1476; baseline -0.001 -14"><span class='ocrx_word' id='word_1_173' title='bbox 102 1420 176 1476; x_wconf 95' lang='lat' dir='ltr'><strong>qui</strong></span> <span class='ocrx_word' id='word_1_174' title='bbox 202 1434 248 1462; x_wconf 91' lang='lat' dir='ltr'><strong>se</strong></span> <span class='ocrx_word' id='word_1_175' title='bbox 272 1419 463 1475; x_wconf 91' lang='lat' dir='ltr'><strong>partium</strong></span> <span class='ocrx_word' id='word_1_176' title='bbox 490 1418 759 1475; x_wconf 84' lang='lat' dir='ltr'><strong>Agrippinae</strong></span> <span class='ocrx_word' id='word_1_177' title='bbox 785 1420 951 1474; x_wconf 89' lang='lat' dir='ltr'><strong>vocent,</strong></span> <span class='ocrx_word' id='word_1_178' title='bbox 983 1433 1032 1460; x_wconf 88' lang='lat' dir='ltr'><strong>ac</strong></span> <span class='ocrx_word' id='word_1_179' title='bbox 1056 1419 1103 1461; x_wconf 93' lang='lat' dir='ltr'><strong>ni</strong></span> <span class='ocrx_word' id='word_1_180' title='bbox 1127 1419 1367 1474; x_wconf 89' lang='lat' dir='ltr'><strong>resistatur,</strong></span> <span class='ocrx_word' id='word_1_181' title='bbox 1397 1418 1491 1461; x_wconf 91' lang='lat' dir='ltr'><strong>fore</strong></span> <span class='ocrx_word' id='word_1_182' title='bbox 1515 1417 1671 1474; x_wconf 85' lang='lat' dir='ltr'><strong>pluris:</strong></span> <span class='ocrx_word' id='word_1_183' title='bbox 1699 1427 1743 1460; x_wconf 84' lang='lat'><strong>15</strong></span> 
     </span>
     <span class='ocr_line' id='line_1_25' title="bbox 100 1477 1671 1535; baseline -0.001 -14"><span class='ocrx_word' id='word_1_184' title='bbox 100 1493 241 1535; x_wconf 89' lang='lat' dir='ltr'><strong>neque</strong></span> <span class='ocrx_word' id='word_1_185' title='bbox 285 1478 402 1521; x_wconf 91' lang='lat' dir='ltr'><strong>aliud</strong></span> <span class='ocrx_word' id='word_1_186' title='bbox 445 1478 667 1534; x_wconf 90' lang='lat' dir='ltr'><strong>gliscentis</strong></span> <span class='ocrx_word' id='word_1_187' title='bbox 718 1477 958 1520; x_wconf 90' lang='lat' dir='ltr'><strong>discordiae</strong></span> <span class='ocrx_word' id='word_1_188' title='bbox 1006 1478 1245 1521; x_wconf 90' lang='lat' dir='ltr'><strong>remedium</strong></span> <span class='ocrx_word' id='word_1_189' title='bbox 1295 1492 1426 1534; x_wconf 91' lang='lat' dir='ltr'><strong>quam</strong></span> <span class='ocrx_word' id='word_1_190' title='bbox 1475 1477 1512 1519; x_wconf 94' lang='lat' dir='ltr'><strong>si</strong></span> <span class='ocrx_word' id='word_1_191' title='bbox 1561 1491 1671 1519; x_wconf 89' lang='lat' dir='ltr'><strong>unus</strong></span> 
     </span>
     <span class='ocr_line' id='line_1_26' title="bbox 101 1536 1108 1592; baseline -0.001 -11"><span class='ocrx_word' id='word_1_192' title='bbox 101 1538 265 1581; x_wconf 85' lang='lat' dir='ltr'><strong>alterve</strong></span> <span class='ocrx_word' id='word_1_193' title='bbox 297 1537 483 1579; x_wconf 84' lang='lat' dir='ltr'><strong>maxime</strong></span> <span class='ocrx_word' id='word_1_194' title='bbox 514 1536 706 1592; x_wconf 88' lang='lat' dir='ltr'><strong>prompti</strong></span> <span class='ocrx_word' id='word_1_195' title='bbox 738 1536 1108 1580; x_wconf 84' lang='lat' dir='ltr'><strong>subverterentur.</strong></span> 
     </span>
    </p>
   </div>
   <div class='ocr_carea' id='block_1_9' title="bbox 221 1594 1743 1652">
    <p class='ocr_par' dir='ltr' id='par_1_9' title="bbox 221 1594 1743 1652">
     <span class='ocr_line' id='line_1_27' title="bbox 221 1594 1743 1652; baseline 0 -13"><span class='ocrx_word' id='word_1_196' title='bbox 221 1596 316 1647; x_wconf 83' lang='lat' dir='ltr'><strong>Qua</strong></span> <span class='ocrx_word' id='word_1_197' title='bbox 347 1611 478 1639; x_wconf 90' lang='lat' dir='ltr'><strong>causa</strong></span> <span class='ocrx_word' id='word_1_198' title='bbox 503 1595 549 1638; x_wconf 83' lang='lat' dir='ltr'><strong>C.</strong></span> <span class='ocrx_word' id='word_1_199' title='bbox 575 1594 731 1638; x_wconf 80' lang='lat' dir='ltr'><strong>Silium</strong></span> <span class='ocrx_word' id='word_1_200' title='bbox 757 1597 801 1637; x_wconf 88' lang='lat' dir='ltr'><strong>et</strong></span> <span class='ocrx_word' id='word_1_201' title='bbox 826 1594 992 1638; x_wconf 87' lang='lat' dir='ltr'><strong>Titium</strong></span> <span class='ocrx_word' id='word_1_202' title='bbox 1019 1594 1230 1639; x_wconf 84' lang='lat' dir='ltr'><strong>Sabinum</strong></span> <span class='ocrx_word' id='word_1_203' title='bbox 1257 1594 1517 1652; x_wconf 86' lang='lat' dir='ltr'><strong>adgreditur.</strong></span> <span class='ocrx_word' id='word_1_204' title='bbox 1567 1594 1670 1637; x_wconf 89' lang='lat' dir='ltr'><strong>ami·</strong></span> <span class='ocrx_word' id='word_1_205' title='bbox 1690 1596 1743 1639; x_wconf 88' lang='lat'><strong>18</strong></span> 
     </span>
    </p>
   </div>
   <div class='ocr_carea' id='block_1_10' title="bbox 100 1653 1719 2005">
    <p class='ocr_par' dir='ltr' id='par_1_10' title="bbox 100 1653 1719 2005">
     <span class='ocr_line' id='line_1_28' title="bbox 101 1653 1673 1711; baseline -0.001 -13"><span class='ocrx_word' id='word_1_206' title='bbox 101 1656 205 1699; x_wconf 90' lang='lat' dir='ltr'><strong>citia</strong></span> <span class='ocrx_word' id='word_1_207' title='bbox 231 1654 480 1698; x_wconf 82' lang='lat' dir='ltr'><strong>Germanici</strong></span> <span class='ocrx_word' id='word_1_208' title='bbox 504 1655 751 1710; x_wconf 89' lang='lat' dir='ltr'><strong>perniciosa</strong></span> <span class='ocrx_word' id='word_1_209' title='bbox 776 1654 961 1711; x_wconf 90' lang='lat' dir='ltr'><strong>utrique,</strong></span> <span class='ocrx_word' id='word_1_210' title='bbox 993 1653 1100 1697; x_wconf 86' lang='lat' dir='ltr'><strong>Silio</strong></span> <span class='ocrx_word' id='word_1_211' title='bbox 1127 1659 1171 1698; x_wconf 89' lang='lat' dir='ltr'><strong>et</strong></span> <span class='ocrx_word' id='word_1_212' title='bbox 1197 1655 1312 1711; x_wconf 93' lang='lat' dir='ltr'><strong>quod</strong></span> <span class='ocrx_word' id='word_1_213' title='bbox 1337 1654 1528 1711; x_wconf 88' lang='lat' dir='ltr'><strong>ingentis</strong></span> <span class='ocrx_word' id='word_1_214' title='bbox 1555 1668 1673 1697; x_wconf 88' lang='lat' dir='ltr'><strong>exer-</strong></span> 
     </span>
     <span class='ocr_line' id='line_1_29' title="bbox 101 1712 1675 1770; baseline -0.002 -12"><span class='ocrx_word' id='word_1_215' title='bbox 101 1715 212 1758; x_wconf 90' lang='lat' dir='ltr'><strong>citus</strong></span> <span class='ocrx_word' id='word_1_216' title='bbox 244 1716 411 1769; x_wconf 88' lang='lat' dir='ltr'><strong>septem</strong></span> <span class='ocrx_word' id='word_1_217' title='bbox 441 1728 518 1770; x_wconf 90' lang='lat' dir='ltr'><strong>per</strong></span> <span class='ocrx_word' id='word_1_218' title='bbox 550 1728 685 1756; x_wconf 90' lang='lat' dir='ltr'><strong>annos</strong></span> <span class='ocrx_word' id='word_1_219' title='bbox 717 1712 966 1757; x_wconf 90' lang='lat' dir='ltr'><strong>moderator</strong></span> <span class='ocrx_word' id='word_1_220' title='bbox 994 1714 1218 1770; x_wconf 91' lang='lat' dir='ltr'><strong>partisque</strong></span> <span class='ocrx_word' id='word_1_221' title='bbox 1251 1714 1365 1769; x_wconf 89' lang='lat' dir='ltr'><strong>apud</strong></span> <span class='ocrx_word' id='word_1_222' title='bbox 1396 1713 1675 1756; x_wconf 81' lang='lat' dir='ltr'><strong>Germaniam</strong></span> 
     </span>
     <span class='ocr_line' id='line_1_30' title="bbox 104 1771 1673 1829; baseline -0.001 -13"><span class='ocrx_word' id='word_1_223' title='bbox 104 1773 438 1829; x_wconf 76' lang='lat' dir='ltr'><strong>triumphalibus</strong></span> <span class='ocrx_word' id='word_1_224' title='bbox 478 1771 768 1815; x_wconf 85' lang='lat' dir='ltr'><strong>Sacroviriani</strong></span> <span class='ocrx_word' id='word_1_225' title='bbox 809 1772 914 1815; x_wconf 91' lang='lat' dir='ltr'><strong>belli</strong></span> <span class='ocrx_word' id='word_1_226' title='bbox 951 1773 1109 1828; x_wconf 91' lang='lat' dir='ltr'><strong>victor,</strong></span> <span class='ocrx_word' id='word_1_227' title='bbox 1150 1777 1315 1828; x_wconf 90' lang='lat' dir='ltr'><strong>quanto</strong></span> <span class='ocrx_word' id='word_1_228' title='bbox 1356 1772 1517 1815; x_wconf 89' lang='lat' dir='ltr'><strong>maiore</strong></span> <span class='ocrx_word' id='word_1_229' title='bbox 1557 1773 1673 1814; x_wconf 92' lang='lat' dir='ltr'><strong>mole</strong></span> 
     </span>
     <span class='ocr_line' id='line_1_31' title="bbox 100 1830 1719 1889; baseline -0.001 -14"><span class='ocrx_word' id='word_1_230' title='bbox 100 1833 362 1888; x_wconf 90' lang='lat' dir='ltr'><strong>procideret,</strong></span> <span class='ocrx_word' id='word_1_231' title='bbox 400 1833 500 1887; x_wconf 91' lang='lat' dir='ltr'><strong>plus</strong></span> <span class='ocrx_word' id='word_1_232' title='bbox 537 1831 780 1874; x_wconf 85' lang='lat' dir='ltr'><strong>formidinis</strong></span> <span class='ocrx_word' id='word_1_233' title='bbox 812 1830 859 1874; x_wconf 92' lang='lat' dir='ltr'><strong>in</strong></span> <span class='ocrx_word' id='word_1_234' title='bbox 892 1832 1000 1875; x_wconf 93' lang='lat' dir='ltr'><strong>alios</strong></span> <span class='ocrx_word' id='word_1_235' title='bbox 1034 1832 1378 1889; x_wconf 85' lang='lat' dir='ltr'><strong>dispergebatur.</strong></span> <span class='ocrx_word' id='word_1_236' title='bbox 1441 1831 1674 1874; x_wconf 87' lang='lat' dir='ltr'><strong>credebant</strong></span> <span class='ocrx_word' id='word_1_237' title='bbox 1698 1841 1719 1874; x_wconf 84' lang='lat'>5</span> 
     </span>
     <span class='ocr_line' id='line_1_32' title="bbox 102 1890 1674 1947; baseline -0.001 -13"><span class='ocrx_word' id='word_1_238' title='bbox 102 1891 300 1947; x_wconf 86' lang='lat' dir='ltr'><strong>plerique</strong></span> <span class='ocrx_word' id='word_1_239' title='bbox 339 1893 508 1933; x_wconf 84' lang='lat' dir='ltr'><strong>auctam</strong></span> <span class='ocrx_word' id='word_1_240' title='bbox 551 1890 833 1932; x_wconf 86' lang='lat' dir='ltr'><strong>offensionem</strong></span> <span class='ocrx_word' id='word_1_241' title='bbox 874 1890 1011 1945; x_wconf 89' lang='lat' dir='ltr'><strong>ipsius</strong></span> <span class='ocrx_word' id='word_1_242' title='bbox 1053 1891 1406 1947; x_wconf 87' lang='lat' dir='ltr'><strong>intemperantia,</strong></span> <span class='ocrx_word' id='word_1_243' title='bbox 1445 1890 1674 1933; x_wconf 88' lang='lat' dir='ltr'><strong>immodice</strong></span> 
     </span>
     <span class='ocr_line' id='line_1_33' title="bbox 104 1947 1675 2005; baseline -0.001 -13"><span class='ocrx_word' id='word_1_244' title='bbox 104 1949 307 1992; x_wconf 87' lang='lat' dir='ltr'><strong>iactantis</strong></span> <span class='ocrx_word' id='word_1_245' title='bbox 350 1964 474 1991; x_wconf 90' lang='lat' dir='ltr'><strong>suum</strong></span> <span class='ocrx_word' id='word_1_246' title='bbox 517 1948 701 1990; x_wconf 91' lang='lat' dir='ltr'><strong>militem</strong></span> <span class='ocrx_word' id='word_1_247' title='bbox 744 1948 791 1990; x_wconf 95' lang='lat' dir='ltr'><strong>in</strong></span> <span class='ocrx_word' id='word_1_248' title='bbox 833 1948 1041 2005; x_wconf 90' lang='lat' dir='ltr'><strong>obsequio</strong></span> <span class='ocrx_word' id='word_1_249' title='bbox 1082 1950 1323 2004; x_wconf 91' lang='lat' dir='ltr'><strong>duravisse,</strong></span> <span class='ocrx_word' id='word_1_250' title='bbox 1367 1963 1464 1992; x_wconf 91' lang='lat' dir='ltr'><strong>cum</strong></span> <span class='ocrx_word' id='word_1_251' title='bbox 1504 1949 1580 1991; x_wconf 90' lang='lat' dir='ltr'><strong>alii</strong></span> <span class='ocrx_word' id='word_1_252' title='bbox 1619 1947 1675 1991; x_wconf 90' lang='lat' dir='ltr'><strong>ad</strong></span> 
     </span>
    </p>
   </div>
   <div class='ocr_carea' id='block_1_11' title="bbox 102 2039 852 2888">
    <p class='ocr_par' dir='ltr' id='par_1_11' title="bbox 102 2039 852 2135">
     <span class='ocr_line' id='line_1_34' title="bbox 155 2039 851 2087; baseline -0.001 -11"><span class='ocrx_word' id='word_1_253' title='bbox 155 2043 210 2076; x_wconf 87' lang='lat'><strong>15.</strong></span> <span class='ocrx_word' id='word_1_254' title='bbox 233 2042 414 2086; x_wconf 80' lang='lat' dir='ltr'><strong>promisco</strong></span> <span class='ocrx_word' id='word_1_255' title='bbox 434 2041 516 2076; x_wconf 78' lang='lat' dir='ltr'><strong>iwre</strong></span> <span class='ocrx_word' id='word_1_256' title='bbox 534 2050 651 2087; x_wconf 73' lang='lat' dir='ltr'><strong>aqere,</strong></span> <span class='ocrx_word' id='word_1_257' title='bbox 677 2039 741 2085; x_wconf 90' lang='lat' dir='ltr'><strong>„in</strong></span> <span class='ocrx_word' id='word_1_258' title='bbox 765 2040 851 2075; x_wconf 89' lang='lat' dir='ltr'><strong>dem</strong></span> 
     </span>
     <span class='ocr_line' id='line_1_35' title="bbox 102 2086 852 2135; baseline -0.004 -10"><span class='ocrx_word' id='word_1_259' title='bbox 102 2088 391 2135; x_wconf 68' lang='lat' dir='ltr'><strong>gewohnlichen</strong></span> <span class='ocrx_word' id='word_1_260' title='bbox 423 2087 655 2123; x_wconf 89' lang='lat' dir='ltr'><strong>rechtlichen</strong></span> <span class='ocrx_word' id='word_1_261' title='bbox 679 2086 852 2123; x_wconf 80' lang='lat' dir='ltr'><strong>Verh&#39;alt-</strong></span> 
     </span>
    </p>

    <p class='ocr_par' dir='ltr' id='par_1_12' title="bbox 102 2135 852 2275">
     <span class='ocr_line' id='line_1_36' title="bbox 131 2136 380 2154; baseline -0.008 1"><span class='ocrx_word' id='word_1_262' title='bbox 131 2136 140 2144; x_wconf 76' lang='lat'>⁸</span> <span class='ocrx_word' id='word_1_263' title='bbox 359 2137 380 2154; x_wconf 72' lang='lat'><strong>‘6</strong></span> 
     </span>
     <span class='ocr_line' id='line_1_37' title="bbox 102 2135 852 2265; baseline -0.004 -46"><span class='ocrx_word' id='word_1_264' title='bbox 102 2135 356 2265; x_wconf 52' lang='grc' dir='ltr'><strong>ωἷῖἑῆἒῖἷ</strong></span> <span class='ocrx_word' id='word_1_265' title='bbox 372 2162 541 2228; x_wconf 59' lang='lat' dir='ltr'><strong>dignatio</strong></span> <span class='ocrx_word' id='word_1_266' title='bbox 566 2182 660 2217; x_wconf 60' lang='lat' dir='ltr'><strong>stati</strong></span> <span class='ocrx_word' id='word_1_267' title='bbox 685 2181 852 2227; x_wconf 74' lang='lat' dir='ltr'><strong>diynitas</strong></span> 
     </span>
     <span class='ocr_line' id='line_1_38' title="bbox 103 2242 332 2275; baseline -0.009 -8"><span class='ocrx_word' id='word_1_268' title='bbox 103 2242 131 2267; x_wconf 81' lang='lat' dir='ltr'><strong>s.</strong></span> <span class='ocrx_word' id='word_1_269' title='bbox 151 2242 196 2265; x_wconf 87' lang='lat' dir='ltr'><strong>zu</strong></span> <span class='ocrx_word' id='word_1_270' title='bbox 245 2258 254 2275; x_wconf 89' lang='lat'><strong>,</strong></span> <span class='ocrx_word' id='word_1_271' title='bbox 324 2257 332 2265; x_wconf 89' lang='lat'><strong>.</strong></span> 
     </span>
    </p>

    <p class='ocr_par' dir='ltr' id='par_1_13' title="bbox 102 2275 848 2417">
     <span class='ocr_line' id='line_1_39' title="bbox 152 2275 848 2322; baseline -0.003 -10"><span class='ocrx_word' id='word_1_272' title='bbox 152 2281 208 2313; x_wconf 89' lang='grc'><strong>19.</strong></span> <span class='ocrx_word' id='word_1_273' title='bbox 251 2277 361 2313; x_wconf 84' lang='lat' dir='ltr'><strong>sedes.</strong></span> <span class='ocrx_word' id='word_1_274' title='bbox 405 2276 595 2322; x_wconf 85' lang='lat' dir='ltr'><strong>Augustus</strong></span> <span class='ocrx_word' id='word_1_275' title='bbox 631 2275 737 2311; x_wconf 88' lang='lat' dir='ltr'><strong>hatte</strong></span> <span class='ocrx_word' id='word_1_276' title='bbox 775 2275 848 2310; x_wconf 88' lang='lat' dir='ltr'><strong>den</strong></span> 
     </span>
     <span class='ocr_line' id='line_1_40' title="bbox 102 2322 847 2367; baseline -0.003 -7"><span class='ocrx_word' id='word_1_277' title='bbox 102 2323 347 2360; x_wconf 85' lang='lat' dir='ltr'><strong>Vestalinnen</strong></span> <span class='ocrx_word' id='word_1_278' title='bbox 385 2324 494 2359; x_wconf 90' lang='lat' dir='ltr'><strong>einen</strong></span> <span class='ocrx_word' id='word_1_279' title='bbox 530 2323 757 2367; x_wconf 84' lang='lat' dir='ltr'><strong>Ehrenplatz</strong></span> <span class='ocrx_word' id='word_1_280' title='bbox 794 2322 847 2358; x_wconf 93' lang='lat' dir='ltr'><strong>im</strong></span> 
     </span>
     <span class='ocr_line' id='line_1_41' title="bbox 102 2370 533 2417; baseline -0.002 -10"><span class='ocrx_word' id='word_1_281' title='bbox 102 2370 263 2407; x_wconf 82' lang='lat' dir='ltr'><strong>Theater</strong></span> <span class='ocrx_word' id='word_1_282' title='bbox 288 2371 533 2417; x_wconf 87' lang='lat' dir='ltr'><strong>angewiesen.</strong></span> 
     </span>
    </p>

    <p class='ocr_par' dir='ltr' id='par_1_14' title="bbox 102 2417 849 2644">
     <span class='ocr_line' id='line_1_42' title="bbox 150 2417 848 2463; baseline -0.003 -9"><span class='ocrx_word' id='word_1_283' title='bbox 150 2418 214 2454; x_wconf 79' lang='lat'><strong>17.</strong></span> <span class='ocrx_word' id='word_1_284' title='bbox 241 2422 272 2455; x_wconf 89' lang='lat'><strong>3.</strong></span> <span class='ocrx_word' id='word_1_285' title='bbox 304 2422 390 2454; x_wconf 83' lang='lat' dir='ltr'><strong>vota</strong></span> <span class='ocrx_word' id='word_1_286' title='bbox 412 2419 644 2463; x_wconf 77' lang='lat' dir='ltr'><strong>susciperent.</strong></span> <span class='ocrx_word' id='word_1_287' title='bbox 674 2418 751 2452; x_wconf 73' lang='lat' dir='ltr'><strong>Fur</strong></span> <span class='ocrx_word' id='word_1_288' title='bbox 775 2417 848 2452; x_wconf 89' lang='lat' dir='ltr'><strong>den</strong></span> 
     </span>
     <span class='ocr_line' id='line_1_43' title="bbox 102 2464 848 2511; baseline -0.004 -9"><span class='ocrx_word' id='word_1_289' title='bbox 102 2465 234 2502; x_wconf 86' lang='lat' dir='ltr'><strong>Kaiser</strong></span> <span class='ocrx_word' id='word_1_290' title='bbox 257 2465 422 2511; x_wconf 86' lang='lat' dir='ltr'><strong>geschah</strong></span> <span class='ocrx_word' id='word_1_291' title='bbox 446 2465 526 2501; x_wconf 87' lang='lat' dir='ltr'><strong>dies</strong></span> <span class='ocrx_word' id='word_1_292' title='bbox 552 2464 768 2511; x_wconf 70' lang='lat' dir='ltr'><strong>alljahrlich</strong></span> <span class='ocrx_word' id='word_1_293' title='bbox 787 2475 848 2500; x_wconf 88' lang='lat' dir='ltr'><strong>am</strong></span> 
     </span>
     <span class='ocr_line' id='line_1_44' title="bbox 106 2512 849 2557; baseline -0.003 -8"><span class='ocrx_word' id='word_1_294' title='bbox 106 2513 262 2557; x_wconf 82' lang='lat' dir='ltr'><strong>dritten,</strong></span> <span class='ocrx_word' id='word_1_295' title='bbox 294 2512 355 2548; x_wconf 72' lang='lat' dir='ltr'><strong>fiir</strong></span> <span class='ocrx_word' id='word_1_296' title='bbox 387 2513 460 2548; x_wconf 88' lang='lat' dir='ltr'><strong>den</strong></span> <span class='ocrx_word' id='word_1_297' title='bbox 493 2513 600 2549; x_wconf 88' lang='lat' dir='ltr'><strong>Staat</strong></span> <span class='ocrx_word' id='word_1_298' title='bbox 630 2523 691 2547; x_wconf 90' lang='lat' dir='ltr'><strong>am</strong></span> <span class='ocrx_word' id='word_1_299' title='bbox 725 2513 849 2547; x_wconf 89' lang='lat' dir='ltr'><strong>ersten</strong></span> 
     </span>
     <span class='ocr_line' id='line_1_45' title="bbox 105 2558 849 2597; baseline -0.004 -1"><span class='ocrx_word' id='word_1_300' title='bbox 105 2560 256 2597; x_wconf 87' lang='lat' dir='ltr'><strong>Januar.</strong></span> <span class='ocrx_word' id='word_1_301' title='bbox 291 2581 335 2586; x_wconf 90' lang='lat'><strong>—</strong></span> <span class='ocrx_word' id='word_1_302' title='bbox 365 2560 466 2596; x_wconf 88' lang='lat' dir='ltr'><strong>Nero</strong></span> <span class='ocrx_word' id='word_1_303' title='bbox 490 2559 567 2595; x_wconf 87' lang='lat' dir='ltr'><strong>und</strong></span> <span class='ocrx_word' id='word_1_304' title='bbox 590 2559 741 2596; x_wconf 80' lang='lat' dir='ltr'><strong>Drusus</strong></span> <span class='ocrx_word' id='word_1_305' title='bbox 765 2558 849 2594; x_wconf 87' lang='lat' dir='ltr'><strong>sind</strong></span> 
     </span>
     <span class='ocr_line' id='line_1_46' title="bbox 108 2605 756 2644; baseline -0.003 -1"><span class='ocrx_word' id='word_1_306' title='bbox 108 2607 232 2644; x_wconf 65' lang='lat' dir='ltr'><strong>Schne</strong></span> <span class='ocrx_word' id='word_1_307' title='bbox 258 2607 323 2643; x_wconf 85' lang='lat' dir='ltr'><strong>des</strong></span> <span class='ocrx_word' id='word_1_308' title='bbox 351 2605 605 2642; x_wconf 85' lang='lat' dir='ltr'><strong>Germanicus.</strong></span> <span class='ocrx_word' id='word_1_309' title='bbox 751 2612 756 2620; x_wconf 90' lang='grc'><strong>’</strong></span> 
     </span>
    </p>

    <p class='ocr_par' dir='ltr' id='par_1_15' title="bbox 106 2644 852 2744">
     <span class='ocr_line' id='line_1_47' title="bbox 154 2644 852 2691; baseline -0.001 -1"><span class='ocrx_word' id='word_1_310' title='bbox 154 2658 187 2691; x_wconf 90' lang='grc'><strong>4.</strong></span> <span class='ocrx_word' id='word_1_311' title='bbox 231 2655 387 2690; x_wconf 82' lang='lat' dir='ltr'><strong>caritate</strong></span> <span class='ocrx_word' id='word_1_312' title='bbox 411 2675 455 2680; x_wconf 89' lang='lat'>—</span> <span class='ocrx_word' id='word_1_313' title='bbox 482 2655 706 2690; x_wconf 81' lang='lat' dir='ltr'><strong>adulatione.</strong></span> <span class='ocrx_word' id='word_1_314' title='bbox 750 2644 852 2689; x_wconf 63' lang='lat' dir='ltr'><strong>Uber</strong></span> 
     </span>
     <span class='ocr_line' id='line_1_48' title="bbox 106 2701 851 2744; baseline 0 -7"><span class='ocrx_word' id='word_1_315' title='bbox 106 2701 179 2737; x_wconf 91' lang='lat' dir='ltr'><strong>den</strong></span> <span class='ocrx_word' id='word_1_316' title='bbox 202 2701 385 2737; x_wconf 84' lang='lat' dir='ltr'><strong>kausalen</strong></span> <span class='ocrx_word' id='word_1_317' title='bbox 403 2701 556 2737; x_wconf 88' lang='lat' dir='ltr'><strong>Ablativ</strong></span> <span class='ocrx_word' id='word_1_318' title='bbox 575 2714 602 2737; x_wconf 85' lang='lat' dir='ltr'><strong>s.</strong></span> <span class='ocrx_word' id='word_1_319' title='bbox 623 2701 720 2737; x_wconf 89' lang='lat' dir='ltr'><strong>Einl.</strong></span> <span class='ocrx_word' id='word_1_320' title='bbox 740 2705 771 2744; x_wconf 66' lang='lat'><strong>§-</strong></span> <span class='ocrx_word' id='word_1_321' title='bbox 792 2705 851 2737; x_wconf 85' lang='grc'><strong>39.</strong></span> 
     </span>
    </p>

    <p class='ocr_par' dir='ltr' id='par_1_16' title="bbox 107 2747 851 2888">
     <span class='ocr_line' id='line_1_49' title="bbox 155 2747 851 2794; baseline -0.003 -10"><span class='ocrx_word' id='word_1_322' title='bbox 155 2752 187 2784; x_wconf 86' lang='grc'><strong>5.</strong></span> <span class='ocrx_word' id='word_1_323' title='bbox 231 2749 283 2794; x_wconf 81' lang='lat' dir='ltr'><strong>si,</strong></span> <span class='ocrx_word' id='word_1_324' title='bbox 321 2748 420 2784; x_wconf 89' lang='lat' dir='ltr'><strong>dann</strong></span> <span class='ocrx_word' id='word_1_325' title='bbox 457 2749 540 2793; x_wconf 83' lang='lat' dir='ltr'><strong>ubi,</strong></span> <span class='ocrx_word' id='word_1_326' title='bbox 578 2748 742 2784; x_wconf 87' lang='lat' dir='ltr'><strong>dieselbe</strong></span> <span class='ocrx_word' id='word_1_327' title='bbox 776 2747 851 2783; x_wconf 91' lang='lat' dir='ltr'><strong>Ab·</strong></span> 
     </span>
     <span class='ocr_line' id='line_1_50' title="bbox 107 2795 851 2841; baseline -0.003 -9"><span class='ocrx_word' id='word_1_328' title='bbox 107 2796 346 2840; x_wconf 80' lang='lat' dir='ltr'><strong>wechselung</strong></span> <span class='ocrx_word' id='word_1_329' title='bbox 370 2796 438 2831; x_wconf 88' lang='lat' dir='ltr'><strong>der</strong></span> <span class='ocrx_word' id='word_1_330' title='bbox 456 2795 760 2841; x_wconf 85' lang='lat' dir='ltr'><strong>Konjunktionen</strong></span> <span class='ocrx_word' id='word_1_331' title='bbox 780 2795 851 2830; x_wconf 87' lang='lat' dir='ltr'><strong>wie</strong></span> 
     </span>
     <span class='ocr_line' id='line_1_51' title="bbox 110 2842 434 2888; baseline 0.006 -11"><span class='ocrx_word' id='word_1_332' title='bbox 110 2845 143 2888; x_wconf 89' lang='lat'><strong>1,</strong></span> <span class='ocrx_word' id='word_1_333' title='bbox 162 2846 208 2878; x_wconf 93' lang='lat'><strong>44</strong></span> <span class='ocrx_word' id='word_1_334' title='bbox 233 2855 295 2879; x_wconf 88' lang='lat' dir='ltr'><strong>am</strong></span> <span class='ocrx_word' id='word_1_335' title='bbox 318 2842 434 2879; x_wconf 86' lang='lat' dir='ltr'><strong>Ende.</strong></span> 
     </span>
    </p>
   </div>
   <div class='ocr_carea' id='block_1_12' title="bbox 923 2040 1675 2881">
    <p class='ocr_par' dir='ltr' id='par_1_17' title="bbox 923 2040 1674 2173">
     <span class='ocr_line' id='line_1_52' title="bbox 975 2040 1672 2088; baseline 0 -12"><span class='ocrx_word' id='word_1_336' title='bbox 975 2044 1030 2078; x_wconf 88' lang='grc'><strong>10.</strong></span> <span class='ocrx_word' id='word_1_337' title='bbox 1069 2042 1207 2078; x_wconf 83' lang='lat' dir='ltr'><strong>modice</strong></span> <span class='ocrx_word' id='word_1_338' title='bbox 1238 2042 1446 2088; x_wconf 73' lang='lat' dir='ltr'><strong>perstricti,</strong></span> <span class='ocrx_word' id='word_1_339' title='bbox 1485 2040 1554 2076; x_wconf 89' lang='lat' dir='ltr'><strong>wie</strong></span> <span class='ocrx_word' id='word_1_340' title='bbox 1585 2044 1624 2086; x_wconf 80' lang='grc' dir='ltr'><strong>ὅ,</strong></span> <span class='ocrx_word' id='word_1_341' title='bbox 1649 2044 1672 2076; x_wconf 80' lang='lat'>2</span> 
     </span>
     <span class='ocr_line' id='line_1_53' title="bbox 925 2088 1674 2136; baseline 0.001 -12"><span class='ocrx_word' id='word_1_342' title='bbox 925 2088 1066 2133; x_wconf 68' lang='lat' dir='ltr'><strong>oblicme</strong></span> <span class='ocrx_word' id='word_1_343' title='bbox 1084 2090 1348 2136; x_wconf 61' lang='lat' dir='ltr'><strong>perstringens.</strong></span> <span class='ocrx_word' id='word_1_344' title='bbox 1394 2093 1433 2133; x_wconf 81' lang='lat'><strong>2,</strong></span> <span class='ocrx_word' id='word_1_345' title='bbox 1460 2092 1505 2124; x_wconf 83' lang='grc'><strong>59</strong></span> <span class='ocrx_word' id='word_1_346' title='bbox 1531 2088 1674 2125; x_wconf 63' lang='lat' dir='ltr'><strong>lenibus</strong></span> 
     </span>
     <span class='ocr_line' id='line_1_54' title="bbox 923 2134 1672 2173; baseline 0.003 -2"><span class='ocrx_word' id='word_1_347' title='bbox 923 2136 1051 2172; x_wconf 76' lang='lat' dir='ltr'><strong>verbis.</strong></span> <span class='ocrx_word' id='word_1_348' title='bbox 1113 2135 1277 2172; x_wconf 91' lang='lat' dir='ltr'><strong>Ahnlich</strong></span> <span class='ocrx_word' id='word_1_349' title='bbox 1304 2136 1420 2171; x_wconf 87' lang='lat' dir='ltr'><strong>sehon</strong></span> <span class='ocrx_word' id='word_1_350' title='bbox 1443 2136 1506 2172; x_wconf 92' lang='lat' dir='ltr'><strong>bei</strong></span> <span class='ocrx_word' id='word_1_351' title='bbox 1531 2134 1672 2173; x_wconf 84' lang='lat' dir='ltr'><strong>Cicero.</strong></span> 
     </span>
    </p>

    <p class='ocr_par' dir='ltr' id='par_1_18' title="bbox 925 2174 1674 2274">
     <span class='ocr_line' id='line_1_55' title="bbox 973 2174 1674 2230; baseline 0.001 -12"><span class='ocrx_word' id='word_1_352' title='bbox 973 2185 1028 2218; x_wconf 84' lang='lat'><strong>13.</strong></span> <span class='ocrx_word' id='word_1_353' title='bbox 1054 2174 1156 2219; x_wconf 72' lang='lat' dir='ltr'><strong>Uber</strong></span> <span class='ocrx_word' id='word_1_354' title='bbox 1174 2184 1234 2219; x_wconf 87' lang='lat' dir='ltr'><strong>die</strong></span> <span class='ocrx_word' id='word_1_355' title='bbox 1255 2182 1429 2230; x_wconf 84' lang='lat' dir='ltr'><strong>Stellung</strong></span> <span class='ocrx_word' id='word_1_356' title='bbox 1446 2194 1520 2219; x_wconf 92' lang='lat' dir='ltr'><strong>von</strong></span> <span class='ocrx_word' id='word_1_357' title='bbox 1537 2183 1674 2229; x_wconf 77' lang='lat' dir='ltr'><strong>quippe</strong></span> 
     </span>
     <span class='ocr_line' id='line_1_56' title="bbox 925 2229 1224 2274; baseline 0.01 -10"><span class='ocrx_word' id='word_1_358' title='bbox 925 2241 953 2265; x_wconf 84' lang='lat' dir='ltr'><strong>s.</strong></span> <span class='ocrx_word' id='word_1_359' title='bbox 973 2229 1070 2266; x_wconf 85' lang='lat' dir='ltr'><strong>Einl.</strong></span> <span class='ocrx_word' id='word_1_360' title='bbox 1091 2234 1122 2274; x_wconf 69' lang='grc' dir='ltr'><strong>ξ.</strong></span> <span class='ocrx_word' id='word_1_361' title='bbox 1145 2235 1224 2268; x_wconf 81' lang='grc'><strong>117.</strong></span> 
     </span>
    </p>

    <p class='ocr_par' dir='ltr' id='par_1_19' title="bbox 926 2276 1673 2455">
     <span class='ocr_line' id='line_1_57' title="bbox 972 2276 1672 2314; baseline 0 -2"><span class='ocrx_word' id='word_1_362' title='bbox 972 2276 1036 2314; x_wconf 90' lang='grc'><strong>18.</strong></span> <span class='ocrx_word' id='word_1_363' title='bbox 1068 2281 1103 2314; x_wconf 92' lang='grc'><strong>1.</strong></span> <span class='ocrx_word' id='word_1_364' title='bbox 1134 2278 1252 2314; x_wconf 79' lang='lat' dir='ltr'><strong>Silius</strong></span> <span class='ocrx_word' id='word_1_365' title='bbox 1276 2289 1354 2314; x_wconf 83' lang='lat' dir='ltr'><strong>war</strong></span> <span class='ocrx_word' id='word_1_366' title='bbox 1378 2289 1465 2314; x_wconf 91' lang='lat' dir='ltr'><strong>vom</strong></span> <span class='ocrx_word' id='word_1_367' title='bbox 1489 2277 1522 2313; x_wconf 89' lang='lat' dir='ltr'><strong>J.</strong></span> <span class='ocrx_word' id='word_1_368' title='bbox 1545 2280 1590 2313; x_wconf 86' lang='lat'><strong>14</strong></span> <span class='ocrx_word' id='word_1_369' title='bbox 1613 2276 1672 2313; x_wconf 88' lang='lat' dir='ltr'><strong>bis</strong></span> 
     </span>
     <span class='ocr_line' id='line_1_58' title="bbox 926 2324 1673 2371; baseline 0.003 -12"><span class='ocrx_word' id='word_1_370' title='bbox 926 2327 970 2359; x_wconf 85' lang='lat'><strong>21</strong></span> <span class='ocrx_word' id='word_1_371' title='bbox 1003 2324 1126 2371; x_wconf 88' lang='lat' dir='ltr'><strong>Legat</strong></span> <span class='ocrx_word' id='word_1_372' title='bbox 1157 2337 1219 2361; x_wconf 90' lang='lat' dir='ltr'><strong>am</strong></span> <span class='ocrx_word' id='word_1_373' title='bbox 1252 2324 1459 2361; x_wconf 87' lang='lat' dir='ltr'><strong>Oberrhein</strong></span> <span class='ocrx_word' id='word_1_374' title='bbox 1489 2335 1673 2370; x_wconf 83' lang='lat' dir='ltr'><strong>gewesen.</strong></span> 
     </span>
     <span class='ocr_line' id='line_1_59' title="bbox 929 2371 1672 2409; baseline 0 -3"><span class='ocrx_word' id='word_1_375' title='bbox 929 2371 1052 2408; x_wconf 83' lang='lat' dir='ltr'><strong>Titius</strong></span> <span class='ocrx_word' id='word_1_376' title='bbox 1076 2372 1241 2409; x_wconf 75' lang='lat' dir='ltr'><strong>Sabinus</strong></span> <span class='ocrx_word' id='word_1_377' title='bbox 1271 2373 1420 2408; x_wconf 86' lang='lat' dir='ltr'><strong>kommt</strong></span> <span class='ocrx_word' id='word_1_378' title='bbox 1443 2371 1525 2408; x_wconf 90' lang='lat' dir='ltr'><strong>hier</strong></span> <span class='ocrx_word' id='word_1_379' title='bbox 1549 2371 1672 2407; x_wconf 86' lang='lat' dir='ltr'><strong>zuerst</strong></span> 
     </span>
     <span class='ocr_line' id='line_1_60' title="bbox 926 2429 1001 2455; baseline -0.013 0"><span class='ocrx_word' id='word_1_380' title='bbox 926 2429 1001 2455; x_wconf 89' lang='lat' dir='ltr'><strong>vor.</strong></span> 
     </span>
    </p>

    <p class='ocr_par' dir='ltr' id='par_1_20' title="bbox 926 2465 1675 2594">
     <span class='ocr_line' id='line_1_61' title="bbox 973 2465 1675 2512; baseline 0 -11"><span class='ocrx_word' id='word_1_381' title='bbox 973 2469 1006 2501; x_wconf 84' lang='lat'><strong>2.</strong></span> <span class='ocrx_word' id='word_1_382' title='bbox 1039 2465 1133 2503; x_wconf 86' lang='lat' dir='ltr'><strong>Silio</strong></span> <span class='ocrx_word' id='word_1_383' title='bbox 1158 2470 1191 2502; x_wconf 87' lang='lat' dir='ltr'><strong>et</strong></span> <span class='ocrx_word' id='word_1_384' title='bbox 1215 2467 1329 2512; x_wconf 74' lang='lat' dir='ltr'><strong>quod,</strong></span> <span class='ocrx_word' id='word_1_385' title='bbox 1360 2465 1526 2501; x_wconf 72' lang='lat' dir='ltr'><strong>namhoh</strong></span> <span class='ocrx_word' id='word_1_386' title='bbox 1544 2466 1675 2510; x_wconf 79' lang='lat' dir='ltr'><strong>perni-</strong></span> 
     </span>
     <span class='ocr_line' id='line_1_62' title="bbox 926 2512 1674 2594; baseline 0.001 -46"><span class='ocrx_word' id='word_1_387' title='bbox 926 2513 1064 2594; x_wconf 56' lang='grc' dir='ltr'><strong>ῗζὶοεαητ</strong></span> <span class='ocrx_word' id='word_1_388' title='bbox 1077 2517 1156 2550; x_wconf 86' lang='lat' dir='ltr'><strong>erat</strong></span> <span class='ocrx_word' id='word_1_389' title='bbox 1168 2515 1276 2559; x_wconf 75' lang='lat' dir='ltr'><strong>quod,</strong></span> <span class='ocrx_word' id='word_1_390' title='bbox 1292 2513 1374 2549; x_wconf 90' lang='lat' dir='ltr'><strong>eine</strong></span> <span class='ocrx_word' id='word_1_391' title='bbox 1388 2514 1504 2549; x_wconf 84' lang='lat' dir='ltr'><strong>etwas</strong></span> <span class='ocrx_word' id='word_1_392' title='bbox 1518 2512 1674 2558; x_wconf 84' lang='lat' dir='ltr'><strong>saloppe</strong></span> 
     </span>
    </p>

    <p class='ocr_par' dir='ltr' id='par_1_21' title="bbox 960 2571 1057 2595">
     <span class='ocr_line' id='line_1_63' title="bbox 960 2571 1057 2595; baseline 0.01 -1"><span class='ocrx_word' id='word_1_393' title='bbox 960 2571 1057 2595; x_wconf 88' lang='lat' dir='ltr'><strong>urze.</strong></span> 
     </span>
    </p>

    <p class='ocr_par' dir='ltr' id='par_1_22' title="bbox 928 2606 1674 2785">
     <span class='ocr_line' id='line_1_64' title="bbox 973 2606 1674 2653; baseline 0.001 -11"><span class='ocrx_word' id='word_1_394' title='bbox 973 2611 1006 2643; x_wconf 90' lang='lat'><strong>4.</strong></span> <span class='ocrx_word' id='word_1_395' title='bbox 1032 2606 1114 2643; x_wconf 87' lang='lat' dir='ltr'><strong>Den</strong></span> <span class='ocrx_word' id='word_1_396' title='bbox 1132 2607 1341 2653; x_wconf 87' lang='lat' dir='ltr'><strong>gallischen</strong></span> <span class='ocrx_word' id='word_1_397' title='bbox 1360 2606 1546 2642; x_wconf 87' lang='lat' dir='ltr'><strong>Aufstand</strong></span> <span class='ocrx_word' id='word_1_398' title='bbox 1564 2607 1674 2643; x_wconf 87' lang='lat' dir='ltr'><strong>unter</strong></span> 
     </span>
     <span class='ocr_line' id='line_1_65' title="bbox 929 2654 1671 2700; baseline 0 -11"><span class='ocrx_word' id='word_1_399' title='bbox 929 2654 1100 2690; x_wconf 89' lang='lat' dir='ltr'><strong>Sacrovir</strong></span> <span class='ocrx_word' id='word_1_400' title='bbox 1144 2654 1278 2700; x_wconf 90' lang='lat' dir='ltr'><strong>schlug</strong></span> <span class='ocrx_word' id='word_1_401' title='bbox 1316 2654 1428 2690; x_wconf 88' lang='lat' dir='ltr'><strong>Silius</strong></span> <span class='ocrx_word' id='word_1_402' title='bbox 1464 2654 1519 2689; x_wconf 90' lang='lat' dir='ltr'><strong>im</strong></span> <span class='ocrx_word' id='word_1_403' title='bbox 1556 2654 1589 2690; x_wconf 92' lang='lat' dir='ltr'><strong>J.</strong></span> <span class='ocrx_word' id='word_1_404' title='bbox 1626 2657 1671 2690; x_wconf 80' lang='lat'><strong>21</strong></span> 
     </span>
     <span class='ocr_line' id='line_1_66' title="bbox 928 2700 1674 2747; baseline 0.001 -11"><span class='ocrx_word' id='word_1_405' title='bbox 928 2700 1065 2738; x_wconf 90' lang='lat' dir='ltr'><strong>nieder.</strong></span> <span class='ocrx_word' id='word_1_406' title='bbox 1088 2701 1172 2747; x_wconf 86' lang='lat' dir='ltr'><strong>Vgl.</strong></span> <span class='ocrx_word' id='word_1_407' title='bbox 1187 2705 1220 2746; x_wconf 90' lang='lat'><strong>3,</strong></span> <span class='ocrx_word' id='word_1_408' title='bbox 1235 2705 1389 2737; x_wconf 86' lang='lat'>43—46.</span> <span class='ocrx_word' id='word_1_409' title='bbox 1404 2721 1450 2727; x_wconf 94' lang='lat'>—</span> <span class='ocrx_word' id='word_1_410' title='bbox 1463 2701 1548 2737; x_wconf 84' lang='lat' dir='ltr'><strong>belli</strong></span> <span class='ocrx_word' id='word_1_411' title='bbox 1558 2701 1674 2737; x_wconf 78' lang='lat' dir='ltr'><strong>victor</strong></span> 
     </span>
     <span class='ocr_line' id='line_1_67' title="bbox 929 2748 1578 2785; baseline 0 -2"><span class='ocrx_word' id='word_1_412' title='bbox 929 2749 1043 2784; x_wconf 87' lang='lat' dir='ltr'><strong>sehon</strong></span> <span class='ocrx_word' id='word_1_413' title='bbox 1069 2748 1131 2784; x_wconf 92' lang='lat' dir='ltr'><strong>bei</strong></span> <span class='ocrx_word' id='word_1_414' title='bbox 1156 2748 1310 2785; x_wconf 87' lang='lat' dir='ltr'><strong>Plautus</strong></span> <span class='ocrx_word' id='word_1_415' title='bbox 1335 2749 1413 2784; x_wconf 92' lang='lat' dir='ltr'><strong>und</strong></span> <span class='ocrx_word' id='word_1_416' title='bbox 1439 2748 1578 2784; x_wconf 87' lang='lat' dir='ltr'><strong>Cicero.</strong></span> 
     </span>
    </p>

    <p class='ocr_par' dir='ltr' id='par_1_23' title="bbox 928 2794 1675 2881">
     <span class='ocr_line' id='line_1_68' title="bbox 978 2794 1675 2842; baseline 0.001 -12"><span class='ocrx_word' id='word_1_417' title='bbox 978 2799 1009 2831; x_wconf 83' lang='grc'><strong>’1.</strong></span> <span class='ocrx_word' id='word_1_418' title='bbox 1041 2796 1083 2831; x_wconf 80' lang='lat' dir='ltr'><strong>iu</strong></span> <span class='ocrx_word' id='word_1_419' title='bbox 1107 2796 1283 2842; x_wconf 77' lang='lat' dir='ltr'><strong>obsequio.</strong></span> <span class='ocrx_word' id='word_1_420' title='bbox 1320 2795 1391 2832; x_wconf 90' lang='lat' dir='ltr'><strong>Die</strong></span> <span class='ocrx_word' id='word_1_421' title='bbox 1415 2794 1598 2832; x_wconf 86' lang='lat' dir='ltr'><strong>Meuterei</strong></span> <span class='ocrx_word' id='word_1_422' title='bbox 1622 2795 1675 2831; x_wconf 89' lang='lat' dir='ltr'><strong>im</strong></span> 
     </span>
     <span class='ocr_line' id='line_1_69' title="bbox 928 2842 1674 2881; baseline -0.001 -3"><span class='ocrx_word' id='word_1_423' title='bbox 928 2842 961 2878; x_wconf 86' lang='lat' dir='ltr'><strong>J.</strong></span> <span class='ocrx_word' id='word_1_424' title='bbox 984 2846 1029 2878; x_wconf 87' lang='lat'><strong>14</strong></span> <span class='ocrx_word' id='word_1_425' title='bbox 1052 2842 1168 2879; x_wconf 89' lang='lat' dir='ltr'><strong>brach</strong></span> <span class='ocrx_word' id='word_1_426' title='bbox 1200 2855 1261 2879; x_wconf 91' lang='lat' dir='ltr'><strong>am</strong></span> <span class='ocrx_word' id='word_1_427' title='bbox 1287 2843 1535 2881; x_wconf 85' lang='lat' dir='ltr'><strong>Niederrhein</strong></span> <span class='ocrx_word' id='word_1_428' title='bbox 1564 2843 1674 2879; x_wconf 86' lang='lat' dir='ltr'><strong>unter</strong></span> 
     </span>
    </p>
   </div>
   <div class='ocr_carea' id='block_1_13' title="bbox 1319 2901 1392 2939">
    <p class='ocr_par' dir='ltr' id='par_1_24' title="bbox 1319 2901 1392 2939">
     <span class='ocr_line' id='line_1_70' title="bbox 1319 2901 1392 2939; baseline 0.027 -2"><span class='ocrx_word' id='word_1_429' title='bbox 1319 2901 1392 2939; x_wconf 84' lang='lat'><strong>14*</strong></span> 
     </span>
    </p>
   </div>
  </div>
 </body>
</html>
