1786 3094
174 93 233 136 84
613 93 843 131 CORNELII
867 92 1030 132 TACITI
1054 94 1123 130 AN
1125 94 1159 130 N
1160 94 1316 130 ALIUM

170 217 267 245 rum
311 203 435 258 ordo,
474 205 607 258 utque
643 203 724 245 tali
760 202 808 245 in
844 205 1060 259 tempore,
1105 203 1189 245 sibi
1233 203 1415 258 quisque
1451 217 1660 259 properus
1697 205 1742 247 et

170 261 315 304 lentae
356 262 582 304 adversum
625 262 807 318 imperia
851 276 996 317 aures,
1039 263 1286 316 inrumpere
1328 262 1568 304 Germanos
1609 262 1742 314 iubet,

102 330 145 363 15
172 320 401 363 clamitans
438 321 515 363 ‘en
546 321 687 363 Varus
726 320 961 376 eodemque
998 322 1156 363 iterum
1194 320 1286 363 fato
1324 320 1464 363 victae
1507 320 1739 377 legionesl'

172 379 300 421 simul
337 380 463 435 haec,
503 383 545 422 et
582 395 679 422 cum
717 380 894 421 delectis
936 380 1093 422 scindit
1132 393 1287 435 agmen
1319 380 1525 435 equisque
1557 380 1742 423 maxime

170 439 348 481 vulnera
373 440 545 495 ingerit.
594 440 661 480 illi
687 439 898 495 sanguine
925 453 1002 481 suo
1033 441 1076 480 et
1100 438 1265 481 lubrico
1291 439 1495 493 paludum
1522 439 1741 494 lapsantes

172 498 360 540 excussis
398 498 638 540 rectoribus
677 498 855 539 disicere
889 497 1060 553 obvios,
1101 500 1320 552 proterere
1350 497 1549 539 iacentes.
1609 497 1742 553 pluri·

171 570 267 598 mus
293 557 406 599 circa
438 557 607 611 aquilas
639 557 775 606 labor,
808 570 916 611 quae
942 570 1083 611 neque
1109 556 1213 598 ferri
1239 556 1464 598 adversum
1490 556 1742 611 ingruentia

106 625 152 657 20
177 615 266 657 tela
296 630 435 670 neque
466 616 543 671 figi
574 615 729 657 limosa
761 615 893 657 humo
919 617 1136 669 poterant.
1188 613 1374 657 Caecina
1399 616 1499 657 dum
1526 618 1743 658 sustentat

173 675 320 728 aciem,
347 675 530 716 suffosso
560 688 671 729 equo
697 674 900 728 delapsus
926 674 1357 728 circumveniebatur,
1387 674 1434 715 ni
1459 674 1600 728 prima
1626 675 1742 731 legio

173 746 265 775 sese
298 734 586 787 opposuisset.
647 733 758 775 iuvit
795 732 989 775 hostium
1022 733 1226 786 aviditas,
1268 733 1430 775 omissa
1461 733 1588 775 caede
1618 747 1742 788 prae-

173 792 272 834 dam
299 793 574 847 sectantium3
601 791 830 846 enisaeque
856 792 1049 846 legiones
1074 794 1404 846 vesperascente
1430 791 1497 833 die
1524 791 1570 833 in
1590 794 1741 846 aperta

172 852 215 892 et
241 851 390 892 solida.
439 865 577 905 neque
602 850 639 892 is
665 850 938 892 miseriarum
962 851 1073 894 finis.
1117 850 1370 893 struendum
1395 851 1571 904 vallum,
1596 853 1741 904 peten-

101 918 147 951 25
174 909 251 951 dus
291 922 440 965 agger,
479 909 639 950 amissa
677 922 835 964 magna
866 922 918 950 ex
949 912 1072 963 parte
1103 924 1181 963 per
1214 924 1323 964 quae
1356 910 1546 964 egeritur
1584 909 1739 952 humus

173 971 249 1010 aut
285 968 493 1010 exciditur
530 981 718 1021 caespes.
778 981 866 1009 non
904 967 1093 1009 tentoria
1131 967 1381 1022 manipulis,
1418 983 1507 1010 non
1544 968 1740 1011 fomenta

174 1026 350 1081 sauciis3
394 1026 577 1069 infectos
619 1040 750 1068 caeno
793 1028 867 1067 aut
908 1039 1057 1068 cruore
1099 1027 1220 1068 cibos
1263 1027 1500 1069 dividentes
1544 1027 1739 1070 funestas

172 1086 375 1128 tenebras
414 1088 457 1127 et
493 1087 562 1127 tot
599 1084 823 1127 hominum
863 1084 1038 1127 milibus
1077 1100 1210 1127 unum
1249 1085 1337 1127 iam
1375 1086 1589 1141 reliquum
1627 1086 1741 1128 diem

175 1144 541 1187 lamentabantur.

103 1203 159 1245 66
291 1202 421 1245 Forte
460 1217 595 1258 equus
635 1202 831 1256 abruptis
868 1202 1050 1245 vinculis
1090 1216 1227 1258 vagus
1261 1205 1305 1244 et
1336 1203 1524 1245 clamore
1561 1203 1740 1246 territus

175 1262 383 1317 quosdam
427 1261 739 1304 occurrentium
790 1261 1051 1304 obturbavit.
1119 1264 1246 1303 tanta
1294 1262 1395 1304 inde
1445 1262 1740 1305 consternatio

173 1321 389 1376 inrupisse
422 1320 660 1363 Germanos
694 1320 974 1375 credentium,
1013 1323 1061 1362 ut
1099 1320 1241 1363 cuncti
1278 1323 1454 1363 ruerent
1486 1321 1538 1363 ad
1577 1323 1744 1377 portas,

175 1394 355 1435 quarum
387 1380 624 1422 decumana
655 1379 840 1421 maxime
871 1380 1110 1434 petebatur,
1144 1393 1296 1421 aversa
1326 1379 1444 1422 hosti
1470 1383 1514 1422 et
1538 1379 1742 1436 fugienti-

128 1449 149 1481 5
175 1440 254 1481 bus
295 1438 442 1481 tutior.
504 1437 688 1480 Caecina
725 1440 946 1492 comperto
983 1452 1139 1480 vanam
1181 1453 1274 1480 esse
1311 1437 1605 1493 formidinem,
1645 1453 1743 1482 cum

174 1500 321 1540 tamen
364 1512 502 1553 neque
548 1496 805 1539 auctoritate
848 1510 984 1551 neque
1027 1497 1246 1552 precibus,
1298 1512 1352 1539 ne
1396 1512 1526 1539 manu
1570 1498 1742 1553 quidem

176 1557 386 1598 obsistere
413 1559 488 1598 aut
512 1557 697 1598 retinere
722 1555 906 1597 militem
933 1555 1084 1610 quiret,
1110 1556 1327 1610 proiectus
1350 1556 1397 1598 in
1423 1556 1570 1599 limine
1590 1559 1743 1612 portae

175 1615 454 1658 miseratione
474 1615 657 1670 demum,
684 1615 785 1669 quia
808 1629 887 1669 per
913 1628 1067 1669 corpus
1093 1614 1227 1670 legati
1248 1615 1435 1657 eundum
1455 1617 1560 1669 erat,
1586 1616 1744 1658 clausit

176 1674 302 1716 viam.
365 1674 494 1716 simul
526 1673 690 1715 tribuni
722 1675 765 1714 et
797 1673 1066 1715 centuriones
1098 1673 1258 1715 falsum
1295 1688 1499 1728 pavorem
1538 1688 1631 1717 esse
1669 1674 1744 1718 do·

113 1743 158 1776 10
184 1735 373 1775 cuerunt.

104 1792 160 1834 67
295 1792 418 1835 Tunc
450 1792 693 1834 contractos
724 1791 769 1832 in
799 1790 1013 1846 principia
1043 1791 1271 1847 iussosque
1303 1791 1418 1834 dicta
1443 1806 1540 1835 cum
1567 1792 1744 1836 silentio

178 1851 368 1906 accipere
399 1850 611 1905 temporis
644 1864 693 1892 ac
723 1849 995 1892 necessitatis
1022 1853 1181 1893 monet.
1231 1865 1362 1892 unam
1393 1851 1438 1892 in
1470 1851 1601 1893 armis
1634 1851 1746 1894 salu-

176 1913 284 1965 tem,
322 1909 397 1952 sed
438 1924 488 1951 ea
520 1908 702 1951 consilio
734 1908 1015 1964 temperanda
1047 1909 1391 1965 manendumque
1423 1909 1538 1952 intra
1567 1911 1744 1966 vallum,

178 1968 312 2011 donec
344 1967 622 2023 expugnandi
651 1968 800 2010 hostes
833 1981 907 2023 spe
946 1968 1124 2022 propius
1163 1969 1456 2024 succederent3
1493 1983 1593 2011 mox
1621 1969 1745 2011 undi-

130 2037 153 2068 5
180 2042 261 2083 que
293 2027 621 2082 erumpendum:
660 2026 736 2068 illa
768 2026 993 2081 eruptione
1026 2026 1078 2068 ad
1111 2026 1311 2069 Rhenum
1342 2026 1568 2082 perveniri.
1632 2027 1747 2083 quod

179 2087 216 2129 si
247 2086 460 2142 fugerent,
492 2086 627 2140 pluris
661 2085 812 2139 silvas,
844 2084 1080 2140 profundas
1114 2086 1253 2141 magis
1287 2085 1486 2142 paludes,
1517 2085 1747 2129 saevitiam

229 2222 283 2253 13.
316 2221 358 2252 ut
377 2235 417 2248 =
441 2221 483 2253 at
506 2218 589 2262 fieri
612 2218 717 2261 solet,
745 2217 842 2253 oster
866 2217 929 2252 bei
1000 2218 1127 2253 Livius
1163 2218 1387 2263 gebrauchb,
1426 2218 1526 2254 dann
1563 2230 1638 2255 von
1675 2219 1749 2256 den

180 2265 348 2309 Tacitus,
375 2266 445 2300 wie
466 2265 561 2300 auch
581 2265 718 2300 bereits
736 2264 800 2300 bei
819 2263 928 2299 Klas-
1001 2264 1236 2300 Historikern
1246 2266 1344 2301 nach
1357 2265 1435 2300 ihm
1449 2266 1747 2311 aufgenommen.

183 2312 318 2348 sikern.
1048 2322 1082 2353 4.
1114 2328 1261 2353 aversas
1285 2318 1356 2353 mit
1386 2318 1471 2353 dem
1496 2317 1621 2363 Dativ,
1653 2319 1750 2372 statt

229 2368 284 2400 14.
310 2366 428 2401 lentae
453 2363 627 2410 „taube“.
1002 2366 1060 2409 ab,
1085 2365 1182 2400 nach
1209 2363 1298 2400 Sall.
1318 2365 1402 2411 Jug.
1424 2369 1481 2410 93,
1501 2370 1534 2401 2.
1739 2389 1744 2391 >

233 2421 288 2453 16.
320 2418 430 2453 simul
453 2417 524 2452 mit
549 2416 763 2462 folgendem
789 2419 832 2460 et,
858 2416 929 2452 wie
1050 2421 1083 2452 5.
1115 2421 1303 2462 comperto,
1335 2418 1463 2464 h'aufig
1492 2418 1552 2454 bei
1581 2418 1748 2465 Tacitus,

181 2469 222 2510 4,
248 2469 295 2500 24
318 2465 495 2510 simulque
519 2468 663 2509 coeptus
687 2465 782 2507 dies,
808 2467 840 2498 et
865 2464 930 2499 ad·
1004 2464 1100 2499 auch
1126 2464 1240 2499 sehon
1266 2464 1326 2499 bei
1353 2464 1494 2500 Sallust
1518 2466 1594 2501 und
1610 2447 1748 2502 Livius.

182 2515 298 2548 erant.
339 2511 426 2547 Sall.
448 2513 534 2557 Jug.
555 2515 611 2555 97,
632 2515 654 2546 4
678 2511 794 2556 igitur
820 2511 932 2546 simul
1050 2520 1081 2552 8
1108 2527 1189 2562 per,
1215 2515 1286 2552 wie
1310 2516 1390 2553 Liv.
1414 2521 1445 2561 1,
1465 2521 1511 2553 48
1530 2529 1600 2563 per
1626 2519 1750 2564 patris

183 2579 230 2585 —
255 2560 439 2605 coynovit,
472 2563 505 2594 et
529 2559 604 2603 ipsi
626 2559 741 2594 hostes
766 2558 930 2593 aderant.
1002 2574 1142 2609 corpus

183 2605 255 2641 Mit
279 2607 365 2641 haee
389 2605 485 2641 auch
513 2606 605 2641 Stat.
626 2604 741 2641 Theb.
763 2608 797 2647 2,
817 2608 897 2640 659.
1051 2616 1114 2652 (37,
1146 2619 1178 2651 2
1210 2626 1350 2652 monere
1373 2617 1444 2652 mis,
1468 2617 1552 2652 dem
1579 2617 1750 2663 Geneffiv

233 2662 288 2712 37.
315 2660 459 2704 lapsare
472 2659 594 2694 zuerst
606 2657 668 2693 bei
679 2656 814 2703 Virgil,
834 2657 933 2693 dann
1004 2664 1101 2699 nach
1113 2662 1297 2708 Analogie
1311 2665 1375 2699 der
1390 2663 1615 2708 Composita,
1634 2664 1751 2700 findet

182 2705 246 2740 bei
271 2705 462 2751 spateren.
1006 2710 1086 2745 sich
1108 2721 1180 2745 nur
1202 2711 1300 2745 noch
1325 2715 1359 2754 2
1378 2715 1435 2746 43.

221 2762 290 2811 .²¹·
328 2759 679 2794 circumveniebatur
717 2758 759 2793 ni
791 2760 851 2793 ctt.
896 2756 931 2793 S.
1053 2767 1085 2798 4.
1124 2764 1367 2809 expuynaridi
1401 2764 1515 2799 hostes
1550 2774 1629 2809 spe,
1667 2763 1750 2800 eine

184 2805 281 2840 Eml.
303 2808 334 2847 ξ.
357 2809 436 2849 103,
460 2811 489 2841 1.
1007 2811 1122 2846 etwas
1148 2809 1358 2845 affektierte
1377 2811 1662 2856 Wortstellung‚
1687 2811 1751 2846 die
1784 2855 1786 2857 Ι

233 2856 297 2893 66.
323 2861 356 2892 2.
384 2858 627 2894 consternatio
648 2857 699 2894 ist
718 2858 841 2893 zuerst
859 2868 934 2892 von
1007 2857 1068 2893 bei
1091 2856 1176 2893 Tac.
1197 2857 1292 2892 eben
1315 2856 1422 2892 nicht
1445 2858 1572 2903 h'aufig
1595 2858 1653 2894 ist.
