1812 3112
569 96 718 134 LIBER
740 97 821 134 XII.
855 97 958 134 OAP.
983 100 1137 133 45—48.

1585 98 1641 142 61

67 207 311 262 suffuderit,
349 206 435 249 levi
471 206 562 249 ictu
598 219 795 250 cruorem
832 205 1011 248 eliciunt
1049 207 1179 261 atque
1216 205 1402 248 invicem
1432 206 1644 250 lambunt.

64 267 110 310 id
140 266 293 310 foedus
318 280 523 308 arcanum
555 265 740 308 habetur
772 263 898 320 quasi
927 266 1080 307 mutuo
1112 278 1263 307 cruore
1289 266 1518 307 sacratum.
1569 267 1644 308 scd

64 329 169 369 tunc
206 326 281 381 qui
317 339 369 368 ea
404 325 549 368 vincla
578 323 854 378 admovebat,
892 322 1102 366 decidisse
1141 323 1352 366 simulans
1389 337 1532 380 genua
1562 323 1644 366 Mi-
1671 336 1715 367 10

64 385 269 428 thridatis
299 383 468 428 invadit
497 384 724 439 ipsumque
760 382 1019 438 prosternit3
1058 382 1272 438 simulque
1303 397 1516 426 concursu
1546 383 1643 438 plu-

63 444 179 487 rium
209 444 444 487 iniciuntur
475 445 666 486 catenae.
714 455 764 484 ac
796 441 1014 497 compede,
1045 442 1159 498 quod
1197 442 1454 485 dedecorum
1484 442 1643 486 barba-

63 503 140 560 ris,
163 503 436 557 trahebatun
469 516 571 544 mox
597 501 699 557 quia
722 501 878 557 vulgus
905 500 1012 543 duro
1036 501 1218 557 imperio
1244 501 1457 558 habitum,
1482 502 1644 557 probra

66 577 116 606 ac
154 563 336 606 verbera
370 561 630 604 intentabat.
685 562 731 603 et
770 562 895 603 erant
931 562 1084 603 contra
1120 561 1194 617 qui
1231 562 1404 603 tantam
1441 560 1643 604 fortunae

66 621 449 665 commutationem
491 620 820 675 miserarentur,
870 622 1102 675 secutaque
1149 634 1245 663 cum
1296 620 1445 675 parvis
1493 620 1644 663 liberis
1672 630 1715 662 15

65 681 254 724 coniunx
285 682 441 723 cuncta
475 679 789 722 lamentatione
820 679 1076 734 complebat.
1137 679 1319 722 diversis
1358 682 1402 721 et
1433 679 1644 722 contectis

65 739 275 783 vehiculis
306 739 536 794 abduntur,
567 739 671 781 dum
701 737 1010 781 Pharasmanis
1044 739 1165 781 iussa
1194 739 1530 794 exquirerentur.
1578 739 1646 781 illi

64 799 221 854 cupido
246 799 373 855 regni
396 799 530 842 fratre
551 801 595 840 et
619 798 711 840 filia
734 798 879 853 potior
904 797 1159 854 animusque
1187 797 1423 840 sceleribus
1446 800 1645 853 paratus3

64 858 178 901 visui
214 861 362 901 tamen
399 858 636 912 consuluit,
672 871 729 899 ne
765 871 912 900 coram
947 857 1220 900 interficeret.
1276 859 1321 899 et
1353 856 1646 912 Radamistus,

65 917 190 973 quasi
226 917 332 960 iuris
370 917 540 960 iurandi
572 931 755 971 memor,
792 930 882 959 non
919 916 1101 972 ferrum,
1136 931 1227 959 non
1257 930 1470 959 venenum
1500 917 1549 958 in
1579 931 1644 959 so·
1670 927 1716 958 20

63 991 207 1019 rorem
239 979 283 1018 et
311 979 518 1031 patruum
548 975 775 1031 expromit,
807 975 883 1017 sed
912 976 1130 1030 proiectos
1161 976 1207 1018 in
1237 975 1418 1018 humum
1450 978 1494 1018 et
1524 977 1644 1018 veste

64 1036 203 1078 multa
239 1036 447 1091 gravique
485 1037 658 1090 opertos
694 1036 832 1077 necat.
886 1034 967 1077 filii
1005 1049 1174 1090 quoque
1205 1034 1492 1091 Mithridatis,
1530 1034 1645 1090 quod

65 1095 270 1138 caedibus
301 1096 533 1149 parentum
563 1093 959 1148 inlacrimaverant,
989 1094 1193 1136 trucidati
1225 1096 1338 1137 sunt.

185 1154 248 1196 At
272 1153 519 1204 Quadratus
544 1165 811 1208 cognoscens
837 1152 1058 1208 proditum
1083 1152 1369 1195 Mithridaten
1395 1155 1439 1195 et
1462 1166 1645 1209 regnum
1659 1153 1717 1195 48

65 1214 121 1256 ab
153 1212 503 1255 interfectoribus
536 1212 741 1268 obtineri,
778 1214 906 1254 vocat
942 1212 1189 1267 consilium,
1227 1212 1353 1255 docet
1385 1214 1482 1267 acta
1513 1215 1557 1254 ct
1588 1227 1645 1254 an

63 1272 342 1316 ulcisceretur
386 1272 617 1315 consultat.
676 1271 825 1326 paucis
870 1271 998 1314 decus
1042 1271 1264 1327 publicum
1309 1285 1454 1326 curae,
1496 1271 1644 1326 plures

63 1333 162 1374 tuta
191 1331 429 1374 disserunt:
461 1345 589 1374 omne
620 1331 759 1373 scelus
791 1332 1018 1373 externum
1046 1345 1146 1373 cum
1174 1330 1345 1373 laetitia
1374 1330 1644 1386 habendum3

66 1390 234 1435 semina
271 1390 404 1432 etiam
442 1389 640 1432 odiorum
683 1389 897 1445 iacienda,
940 1392 990 1432 ut
1028 1404 1155 1445 saepe
1197 1389 1418 1446 principes
1455 1389 1644 1432 Romani
1671 1400 1692 1431 5

66 1449 250 1492 eandem
293 1448 549 1491 Armeniam
598 1449 739 1504 specie
786 1423 1035 1505 largitionis
1083 1448 1310 1491 turbandis
1361 1449 1644 1491 barbarorum

66 1509 225 1553 animis
269 1508 564 1564 praebuerint·
607 1510 832 1563 poteretur
869 1507 1146 1551 Radamistus
1190 1509 1303 1550 male
1342 1508 1498 1564 partis,
1542 1507 1645 1550 dum

65 1568 232 1612 invisus
261 1568 456 1622 infamis,
492 1567 664 1623 quando
696 1567 742 1609 id
772 1567 914 1624 magis
947 1582 998 1610 ex
1028 1583 1110 1611 usu
1142 1582 1272 1623 quam
1304 1567 1342 1610 si
1372 1581 1471 1610 cum
1503 1567 1645 1622 gloria

66 1628 247 1683 adeptus
284 1627 408 1670 foret.
461 1627 508 1669 in
544 1626 656 1669 hanc
687 1627 948 1669 sententiam
986 1627 1108 1669 itum.
1163 1641 1219 1669 ne
1256 1629 1405 1669 tamen
1443 1626 1644 1669 adnuisse

65 1686 248 1729 facinori
271 1686 521 1729 viderentur
553 1688 597 1727 et
628 1685 799 1728 diversa
825 1684 984 1728 Caesar
1014 1686 1193 1740 iuberet,
1226 1686 1349 1728 missi
1380 1686 1435 1728 ad
1462 1685 1645 1728 Pharas-

67 1760 230 1788 manen
259 1746 409 1801 nuntii,
441 1747 491 1787 ut
522 1745 771 1787 abscederet
796 1759 822 1786 a
851 1745 1011 1788 finibus
1044 1745 1266 1788 Armeniis
1297 1745 1519 1800 filiumque
1552 1745 1646 1787 abs-

66 1804 271 1847 traheret.

117 1972 151 2003 9.
178 1978 357 2003 arcanum
382 1965 712 2012 ,‚geheimnisvoll,
740 1977 820 2010 my·

69 2014 224 2050 stisch“.
246 2035 291 2040 —
310 2015 417 2060 quasi
443 2013 575 2058 ‚,weil“
601 2013 821 2049 bezeichnet

69 2062 143 2098 den
156 2061 285 2097 Grund
298 2061 337 2096 in
355 2060 562 2096 indirekter
574 2060 695 2104 Rede;
710 2061 820 2096 eben-

71 2120 114 2146 so
132 2109 186 2144 im
203 2109 421 2155 folgenden:
441 2109 549 2154 quasi
567 2108 822 2144 imisiurandi

69 2167 203 2193 mmor
233 2156 310 2192 und
344 2160 399 2200 13,
429 2160 484 2192 18.
520 2159 574 2198 14,
596 2159 652 2191 65.
687 2158 743 2199 15,
765 2158 819 2191 10.

72 2207 130 2239 71.
172 2204 261 2239 Erst
284 2203 324 2238 in
348 2203 421 2239 den
445 2203 626 2239 Annalen.
666 2202 702 2238 S.
722 2202 820 2238 Einl.

123 2325 178 2358 14.
197 2321 443 2357 intentabant.
465 2320 645 2356 Dasselbe
659 2320 824 2365 Zeugma

71 2368 176 2404 steht
199 2372 233 2412 3,
260 2372 305 2404 36
330 2367 476 2403 domino
500 2378 582 2403 cum
604 2378 717 2411 voces,
743 2378 824 2402 cum

72 2426 207 2452 manue
230 2416 464 2451 intentarent.
490 2414 609 2450 Daft'ir
627 2415 679 2451 ist
697 2415 824 2450 besser

72 2462 163 2498 hist.
183 2467 216 2507 3,
236 2466 280 2498 31
306 2462 518 2508 ingerebam
530 2463 683 2508 probra,
705 2463 823 2498 inten-

74 2511 207 2546 tabant
230 2510 336 2546 ictus.

125 2584 181 2617 19.
223 2581 324 2616 visui
365 2579 550 2616 consuluit
592 2591 656 2624 „er
696 2580 824 2616 wollte

76 2627 183 2663 nicht
205 2628 455 2673 Augenzeuge
487 2627 602 2662 sein“.
652 2627 695 2662 In
724 2628 825 2663 dem·

75 2674 205 2711 selben
229 2675 341 2710 Sinne
370 2673 485 2709 heisst
516 2684 555 2708 es
588 2677 644 2718 15,
670 2678 714 2709 61
746 2675 826 2710 voci

76 2724 199 2757 tamen
217 2725 250 2757 et
268 2722 432 2767 aspectui
444 2722 618 2766 pepercit.
654 2721 730 2757 Das
754 2722 826 2757 fol-

75 2764 200 2814 g'ende
224 2780 270 2804 ne
299 2769 350 2804 ist
374 2780 444 2814 exp
447 2767 583 2804 likativ
613 2768 674 2803 fur
703 2769 758 2804 ita
785 2772 828 2804 ut

78 2825 165 2852 non.
203 2816 237 2850 V
238 2816 289 2862 gl.
315 2828 359 2851 zu
380 2781 444 2859 11p
458 2819 501 2851 15
526 2816 685 2851 neritus
708 2826 826 2852 saero-

78 2872 163 2898 rum
187 2828 493 2900 oblitterarentur.

940 1965 1005 2002 48.
1047 1971 1077 2002 1.
1109 1976 1323 2012 cognoscens
1354 1965 1554 2002 aoristisch
1583 1965 1645 2001 ffir

894 2014 1048 2059 coynito.
1093 2013 1128 2050 S.
1155 2026 1201 2049 zu
1227 2018 1284 2059 11,
1311 2016 1366 2050 35.

941 2076 974 2107 4.
994 2073 1200 2108 habendum
1213 2072 1534 2117 „aufzunehmen“
1552 2074 1647 2108 statt

894 2120 1158 2164 accipiendum.
1196 2124 1230 2163 4,
1252 2124 1295 2155 21
1323 2121 1480 2156 civiliter
1504 2121 1644 2156 habuit.

894 2166 985 2202 Sall.
1011 2167 1092 2203 Cat.
1117 2171 1174 2212 51,
1200 2171 1242 2202 11
1270 2178 1331 2203 eas
1354 2168 1508 2213 gravius
1532 2178 1645 2213 aequo

893 2215 1059 2297 Wwe'
1103 2214 1182 2251 Liv.
1210 2219 1242 2259 7,
1268 2219 1289 2250 5
1314 2226 1382 2251 nee
1401 2235 1445 2241 —
1466 2216 1522 2251 ita
1540 2226 1646 2260 aeyre

920 2273 944 2296 a
967 2263 1036 2298 uit.

945 2324 977 2356 7.
1002 2321 1090 2357 dum
1107 2322 1251 2357 invisus
1268 2322 1433 2366 infamis.
1459 2321 1528 2356 Die
1550 2321 1645 2356 Aus-

895 2367 1051 2414 lassung
1087 2368 1153 2404 des
1184 2369 1436 2415 Konjunktivs
1473 2371 1561 2404 esset
1597 2367 1649 2403 ist

896 2415 1120 2460 ertraglich,
1159 2415 1245 2452 weil
1281 2417 1375 2460 foret
1407 2415 1516 2460 folgt.
1561 2414 1646 2459 Vgl.

896 2461 992 2497 Einl.
1021 2466 1050 2505 §-
1077 2466 1135 2507 20,
1154 2464 1191 2498 b.

945 2525 978 2556 9.
1006 2521 1107 2556 Statt
1126 2522 1280 2566 adeptus
1306 2521 1470 2556 schreibt
1487 2520 1647 2566 Nipper-

897 2568 968 2613 dey
993 2568 1178 2612 depulsus,
1205 2579 1284 2603 was
1310 2579 1407 2604 zwar
1431 2567 1646 2613 passender,

898 2615 988 2651 aber
1012 2615 1116 2651 nicht
1140 2615 1356 2661 notwendig
1380 2615 1442 2651 ist.

948 2678 1002 2710 10.
1029 2677 1062 2710 et
1086 2674 1231 2710 diversa
1256 2674 1321 2709 ctt.
1353 2673 1556 2718 „wahrend
1581 2673 1647 2709 der

897 2721 1030 2757 Kaiser
1049 2723 1164 2757 etwas
1184 2721 1341 2757 anderes
1362 2720 1545 2757 befehle“.
1571 2721 1647 2756 Der

899 2768 986 2804 Satz
1017 2769 1067 2804 ist
1097 2769 1181 2804 dem
1207 2768 1363 2814 vorigen
1392 2767 1537 2813 logisch
1562 2769 1646 2804 sub-

900 2812 1090 2852 ordiniert.

1674 1696 1718 1728 10
