1820 3100
586 114 734 151 LIBER
751 113 816 151 TV.
853 114 959 152 CAP-
978 118 1132 152 22—25.

1563 115 1651 158 215

82 223 222 266 adhuc
251 222 459 278 raptabat
483 221 679 265 Africam
703 221 969 277 Tacfarinas,
1001 224 1154 264 auctus
1180 222 1432 265 Maurorum
1466 223 1650 278 auxiliis,
1676 235 1698 267 5

82 282 178 338 qui,
214 281 464 324 Ptolemaeo
501 281 634 324 Iubae
674 281 766 323 filio
803 281 982 324 iuventa
1018 281 1255 337 incurioso,
1291 282 1473 324 libertos
1504 282 1648 337 regios

82 343 126 383 et
176 341 348 383 servilia
396 340 579 395 imperia
626 340 742 383 bello
792 342 1079 383 mutaverant.

1147 343 1241 383 erat
1282 340 1349 382 illi
1390 340 1650 396 praedarum

80 402 278 455 receptor
315 413 364 442 ac
400 399 542 442 socius
580 399 816 455 populandi
852 414 928 442 rex
965 398 1303 454 Garamantum,
1338 414 1428 442 non
1465 402 1515 442 ut
1552 413 1649 442 cum

81 459 270 502 exercitu
294 458 520 513 incederet,
553 459 626 501 sed
651 458 798 500 missis
822 458 991 502 levibus
1018 459 1168 514 copiis,
1200 473 1307 514 quae
1334 473 1386 501 ex
1410 458 1648 514 longinquo

79 517 125 560 in
156 517 296 560 maius
333 517 635 572 audiebantur3
672 517 852 573 ipsaque
890 532 912 560 e
949 518 1192 574 provincia,
1230 521 1280 560 ut
1317 517 1412 573 quis
1448 517 1648 560 fortunae
1674 529 1722 562 10

78 577 221 632 inops,
252 576 443 618 moribus
474 577 691 632 turbidus,
720 577 963 631 promptius
995 578 1191 632 ruebant,
1224 577 1326 632 quia
1358 575 1517 619 Caesar
1547 578 1649 632 post

78 650 147 678 res
179 650 204 678 a
235 634 391 677 Blaeso
423 637 585 690 gestas,
626 635 750 690 quasi
779 636 912 678 nullis
944 637 1032 678 iam
1064 637 1111 678 in
1142 636 1293 679 Africa
1323 636 1543 691 hostibus,
1582 650 1647 677 re-

76 694 244 749 portari
279 708 438 736 nonam
476 694 692 750 legionem
728 694 935 750 iusserat,
973 709 1052 737 nec
1089 710 1168 751 pro
1207 695 1382 738 consule
1421 695 1511 737 eius
1545 694 1646 737 anni

75 752 123 795 P.
154 752 385 795 Dolabella
414 753 598 795 retinere
631 768 761 796 ausus
793 757 904 809 erat,
941 755 1060 797 iussa
1097 754 1307 810 principis
1339 754 1481 809 magis
1514 768 1646 809 quam

76 812 243 854 incerta
273 812 376 854 belli
407 815 614 854 metuens.

194 870 336 927 Igitur
376 870 628 914 Tacfarinas
673 871 868 926 disperso
911 886 1082 915 rumore
1126 887 1217 914 rem
1261 871 1503 914 Romanam
1547 871 1646 913 aliis
1660 873 1720 915 24

75 943 246 985 quoque
278 930 333 972 ab
364 931 614 972 nationibus
639 930 820 973 lacerari
852 945 988 986 eoque
1013 932 1226 987 paulatim
1252 930 1404 973 Africa
1432 930 1646 985 decedere,

77 1003 128 1031 ac
152 1003 280 1043 posse
305 988 496 1044 reliquos
523 989 832 1044 circumveniri,
858 989 896 1032 si
923 991 1066 1033 cuncti
1092 990 1248 1046 quibus
1268 990 1448 1032 libertas
1469 989 1645 1032 servitio

74 1049 221 1102 potior
251 1048 567 1103 incubuissent,
600 1051 731 1104 auget
762 1048 875 1091 vires
906 1050 1148 1105 positisque
1180 1050 1334 1092 castris
1366 1048 1646 1091 Thubuscum

76 1106 281 1161 oppidum
320 1107 604 1150 circumsidet.
666 1110 712 1149 at
742 1107 973 1151 Dolabella
1004 1111 1228 1151 contracto
1262 1108 1377 1164 quod
1408 1110 1503 1150 erat
1532 1107 1646 1150 mili·
1671 1118 1692 1150 5

73 1167 180 1221 tum,
209 1167 373 1208 terrore
403 1166 590 1208 nominis
616 1165 802 1209 Romani
833 1169 877 1209 et
908 1168 1010 1222 quia
1035 1166 1251 1210 Numidae
1282 1166 1477 1222 peditum
1509 1166 1646 1209 aciem

74 1224 186 1266 ferre
217 1226 453 1280 nequeunt,
483 1225 623 1280 primo
657 1226 724 1268 sui
754 1227 923 1269 incessu
955 1226 1087 1269 solvit
1119 1226 1335 1269 obsidium
1366 1226 1646 1280 locorumque

76 1285 321 1338 opportuna
343 1284 624 1339 permunivit3
656 1284 785 1326 simul
815 1285 1031 1341 principes
1056 1284 1416 1328 Musulamiorum
1443 1283 1646 1327 defectio—

71 1356 173 1384 nem
204 1344 457 1398 coeptantes
490 1343 627 1385 securi
657 1344 855 1398 percutit.
917 1345 1016 1386 dein
1048 1345 1148 1399 quia
1185 1344 1382 1399 pluribus
1415 1343 1644 1386 adversum

73 1400 392 1444 Tacfarinatem
436 1401 780 1456 expeditionibus
824 1404 1069 1459 cognitum,
1119 1418 1209 1446 non
1259 1403 1384 1459 gravi
1432 1416 1511 1445 nec
1554 1416 1642 1445 uno
1670 1413 1718 1446 10

72 1460 249 1502 incursu
279 1461 614 1503 consectandum
644 1461 814 1504 hostem
845 1477 1024 1518 vagum,
1057 1463 1197 1504 excito
1229 1476 1327 1505 cum
1358 1461 1642 1516 popularibus

72 1531 174 1574 rege
205 1518 457 1563 Ptolemaeo
489 1522 694 1576 quattuor
735 1521 910 1577 agmina
940 1524 1084 1577 parat,
1123 1535 1232 1576 quae
1270 1521 1427 1576 legatis
1460 1522 1536 1563 aut
1566 1520 1642 1562 tri-

71 1578 199 1620 bunis
240 1578 359 1633 data3
398 1582 442 1621 et
480 1579 778 1634 praedatorias
810 1595 962 1623 manus
994 1580 1152 1623 delecti
1181 1580 1434 1623 Maurorum
1467 1579 1642 1622 duxere:

75 1637 168 1692 ipse
200 1638 419 1680 consultor
450 1639 600 1680 aderat
630 1639 842 1681 omnibus.

189 1695 282 1739 Nec
312 1697 447 1739 multo
479 1700 581 1752 post
611 1698 803 1740 adfertur
827 1697 1040 1740 Numidas
1067 1698 1182 1754 apud
1208 1698 1435 1741 castellum
1461 1697 1643 1740 semiru-
1655 1698 1717 1742 25

120 1804 151 1836 5.
179 1803 330 1846 raptare
349 1801 580 1846 ,‚plfindern“
605 1802 701 1837 auch
719 1802 817 1837 noch

74 1851 131 1892 12,
145 1851 207 1890 543
228 1849 332 1883 sonst
343 1859 413 1883 nur
425 1848 489 1883 bei
502 1847 655 1884 Statius.
669 1849 817 1884 Ebenso

72 1895 280 1939 gebraucht
303 1894 390 1930 Tac.
416 1906 563 1940 rapere:
598 1899 652 1940 13,
679 1899 700 1931 6
731 1896 818 1941 rapi

71 1941 303 1985 Armeniam,
329 1941 400 1977 wie
426 1943 543 1977 sehon
561 1940 694 1988 virgil.
731 1942 816 1987 Vgl.

73 1989 214 2025 trahere
240 1992 273 2032 3,
292 1992 348 2023 74.

121 2039 153 2070 6.
178 2036 260 2070 Den
285 2035 511 2072 Ptolemaeus
535 2035 621 2071 liess
646 2034 820 2081 Caligula

72 2083 124 2117 im
150 2082 183 2118 J.
209 2085 255 2117 40
285 2084 382 2118 nach
410 2082 506 2119 Rom
535 2084 711 2119 kommen
741 2083 818 2118 und

70 2129 180 2165 nebst
203 2130 366 2165 anderen
398 2130 608 2174 ermorden,
640 2142 704 2165 um
737 2130 815 2165 sich

70 2176 191 2212 seiner
217 2177 373 2212 Schatze
399 2189 443 2212 zu
467 2178 742 2223 bemachtigen.
768 2198 815 2203 —

70 2225 295 2269 incuriosus,
320 2224 383 2259 bei
407 2225 561 2260 Tacitus
585 2224 739 2268 beliebt,
765 2224 815 2260 ist

71 2271 251 2307 silbernes
278 2271 429 2316 Latein,
460 2272 556 2308 doch
586 2273 655 2308 hat
684 2272 813 2307 Livius

71 2318 137 2353 das
168 2318 335 2354 Adverb:
369 2322 409 2364 8,
434 2323 491 2355 38.
524 2323 587 2365 29,
613 2323 646 2356 3.
679 2323 734 2355 32.
767 2339 812 2345 -

71 2366 217 2402 libertos
249 2387 291 2392 —
324 2370 572 2410 mutaverant,
617 2367 652 2403 d.
683 2366 721 2401 h.
760 2366 813 2402 sie

69 2413 202 2448 hatten
238 2413 320 2448 ihre
358 2412 529 2459 Stellung
566 2413 677 2449 unter
713 2413 813 2449 Frei-

71 2459 290 2505 gelassenen
315 2460 550 2506 aufgegeben
569 2460 645 2496 und
663 2461 814 2505 Kriegs-

71 2507 217 2543 dienste
242 2518 476 2553 genommen.
513 2507 589 2543 Der
611 2507 813 2543 Personen-

70 2565 180 2590 name
212 2555 356 2591 libertos
386 2555 479 2591 wird
505 2556 582 2590 erst
606 2555 723 2590 durch
747 2555 813 2590 das

70 2600 246 2647 folgende
280 2603 436 2647 imperia
466 2602 739 2647 verstandlich3
774 2613 813 2637 es

70 2646 122 2684 ist
144 2648 370 2694 Hendiadys.

121 2699 176 2732 10.
199 2697 242 2731 in
255 2697 375 2732 maius
388 2697 516 2734 audiri
528 2697 620 2733 statt
631 2696 816 2739 celebrari,

72 2743 197 2778 eaetolli
213 2743 264 2778 ist
288 2740 353 2779 ἅπ.
377 2743 443 2790 εἰρ.
484 2744 569 2789 Vgl.
589 2743 684 2780 Einl.
706 2747 737 2786 ἓ.
756 2746 815 2780 49.

74 2809 117 2815 -
143 2794 185 2825 ut
209 2791 290 2836 quis
321 2792 416 2826 statt
446 2795 488 2826 ut
519 2791 689 2836 quisque,
720 2790 816 2826 auch

71 2847 130 2881 cp.
156 2841 212 2872 36.
241 2841 272 2883 1,
298 2842 354 2873 27.
383 2842 414 2883 6,
442 2842 462 2873 7
488 2838 564 2873 und
589 2837 695 2873 efter.

123 2886 177 2919 15.
191 2885 330 2921 incerta
344 2886 414 2921 wie
427 2886 550 2921 subita
561 2885 645 2921 belli
657 2884 745 2931 Agr.
757 2888 814 2920 37.

938 1802 1003 1838 24.
1037 1806 1068 1838 1.
1103 1803 1307 1848 disperyere
1332 1802 1427 1837 statt
1450 1802 1642 1847 divulqare

890 1861 961 1884 nur
996 1850 1094 1884 noch
1129 1849 1218 1885 hist.
1244 1853 1284 1893 2,
1311 1853 1342 1885 1.
1392 1849 1541 1884 Ebenso
1577 1859 1642 1894 ge-

890 1896 1052 1932 braucht
1078 1897 1166 1932 Tac.
1193 1897 1352 1940 differre.

939 1947 972 1978 2.
1005 1944 1167 1979 lacerare
1197 1943 1257 1978 fiir
1281 1953 1411 1979 vexare
1437 1942 1554 1978 sehon
1577 1942 1642 1979 bei

893 1989 1022 2025 Cicero
1048 1990 1124 2025 und
1151 1989 1304 2025 Sallust.

940 2041 973 2072 4.
999 2037 1204 2073 incumbere
1224 2038 1318 2072 statt
1335 2048 1472 2082 quere,
1497 2037 1638 2074 instare

889 2083 941 2119 ist
974 2084 1038 2119 bei
1072 2084 1159 2120 Tac.
1184 2084 1291 2119 nicht
1320 2084 1456 2128 selten3
1495 2084 1639 2120 ‹lichte-

889 2131 989 2166 risch
1023 2132 1100 2167 und
1133 2130 1427 2168 nachklassisch.
1539 2131 1639 2167 Thu-

889 2179 1049 2221 buscum,
1075 2178 1116 2214 in
1139 2178 1353 2224 Numidien,
1378 2152 1551 2215 nofffich
1575 2189 1640 2215 am

888 2224 1048 2272 Gebirgc
1072 2225 1263 2262 Aurasius.

936 2277 968 2308 6.
1004 2277 1140 2309 terrore
1166 2292 1211 2299 --
1237 2276 1270 2308 et
1300 2273 1399 2319 quia.
1436 2263 1536 2309 Uber
1561 2273 1635 2309 den

885 2319 1344 2356 Konstruktionswechsel
1369 2333 1397 2358 s.
1416 2319 1637 2366 Einleitung

936 2419 967 2450 7.
993 2405 1094 2450 fiber
1119 2414 1192 2450 den
1218 2414 1378 2450 Genetiv
1402 2415 1464 2450 sui
1489 2425 1517 2450 s,
1536 2413 1637 2450 Einl.

886 2465 917 2505 ξ.
943 2465 1001 2498 42.
1034 2482 1078 2488 -
1111 2462 1272 2497 incessus
1308 2461 1379 2496 wie
1417 2465 1456 2506 3,
1483 2465 1528 2496 74
1564 2464 1638 2497 tres

885 2509 1066 2552 incessus,
1089 2509 1238 2544 totidem
1262 2509 1413 2555 aymina
1433 2511 1637 2554 parantur,

888 2558 951 2599 12,
977 2559 1023 2591 50
1054 2557 1196 2591 incessu
1229 2555 1463 2591 Parthorum.
1498 2575 1543 2581 -
1575 2555 1637 2591 ob-

887 2603 1026 2638 sidium
1050 2603 1144 2638 statt
1169 2603 1322 2646 obsidio,
1345 2602 1415 2637 wie
1436 2606 1469 2646 3,
1489 2605 1535 2637 39
1559 2602 1638 2638 und

889 2648 961 2691 oft;
988 2649 1037 2684 ist
1061 2649 1308 2684 unklassisch.

938 2700 970 2732 8.
982 2689 1084 2732 Uber
1097 2696 1158 2730 die
1171 2696 1418 2731 Musulamier
1432 2708 1459 2731 s.
1472 2707 1517 2730 zu
1530 2699 1563 2740 2,
1578 2699 1636 2732 52.

939 2747 994 2778 14.
1033 2743 1218 2779 consultor
1252 2742 1501 2788 „Ratgeber“
1539 2743 1637 2779 auch

890 2794 929 2834 6,
962 2794 1002 2825 10
1037 2791 1114 2826 und
1150 2790 1247 2825 oster
1280 2789 1342 2826 bei
1378 2790 1537 2835 Sallust3
1574 2790 1638 2826 bei

890 2838 1018 2873 Cicero
1050 2836 1166 2873 heisst
1196 2848 1236 2872 es
1263 2837 1352 2882 „der
1377 2849 1439 2873 um
1463 2837 1539 2874 Rat
1561 2837 1639 2874 fra.-

889 2884 1032 2930 gende“
1058 2897 1087 2920 z.
1107 2884 1148 2920 B.
1168 2883 1308 2922 Klient.
