1786 3094
572 87 718 124 LIBER.
740 87 768 125 Ι.
820 87 922 124 οΑΡ.
948 91 1100 125 ‘zo-⁷2.
1560 89 1618 131 87

56 199 278 242 subtracto
311 197 403 240 solo
435 196 604 239 disiecti
636 197 712 238 aut
743 195 900 238 obruti.
948 210 1037 238 non
1062 210 1147 239 vox
1172 197 1216 238 et
1245 196 1386 238 mutui
1415 196 1618 240 hortatus

52 258 259 301 iuvabant
301 256 558 299 adversante
595 255 727 310 unda3
764 255 875 297 nihil
906 257 1108 297 strenuus
1141 255 1196 297 ab
1227 255 1401 311 ignavo,
1444 256 1616 311 sapiens

53 317 108 359 ab
138 314 403 372 inprudenti,
440 314 622 357 consilia
661 329 686 356 a
722 328 825 356 casu
863 314 1050 356 differre:
1092 316 1247 357 cuncta
1283 315 1380 369 pari
1411 315 1618 357 violentia

50 375 392 418 involvebantur.
429 373 604 416 tandem
623 372 826 416 Vitellius
852 373 897 415 in
922 373 1106 416 editiora
1125 373 1270 416 enisus
1290 373 1440 416 eodem
1461 388 1618 431 agmen
1645 384 1688 417 15

52 434 265 477 subduxit.
315 435 624 489 pernoctavere
651 432 742 475 sine
767 432 1040 487 utensilibus,
1072 433 1164 475 sine
1190 432 1295 488 igni,
1326 446 1488 488 magna
1512 448 1616 489 pars

49 493 162 536 nudo
195 495 271 535 aut
295 492 484 535 mulcato
518 506 717 547 corpore,
747 491 862 533 haud
889 492 1030 534 minus
1056 492 1326 535 miserabiles
1352 507 1482 547 quam
1507 507 1616 549 quos

48 552 188 595 hostis
226 552 517 606 circumsidet3
563 552 721 608 quippe
757 551 847 593 illic
886 551 1019 593 etiam
1057 551 1271 593 honestae
1309 552 1461 594 mortis
1499 567 1616 607 usus,

48 611 116 654 his
159 611 396 667 inglorium
440 610 631 653 exitium.
691 610 765 652 lux
803 609 992 652 reddidit
1032 612 1212 666 terram,
1255 613 1615 667 penetratumque

48 670 103 713 ad
129 685 298 724 amnem
327 669 572 726 [Visurgin]
601 684 685 725 quo
713 667 874 711 Caesar
898 669 1036 712 classe
1062 670 1356 713 contenderat.
1398 670 1614 726 inpositae
1640 681 1687 713 20

47 729 147 771 dein
171 729 379 785 legiones,
404 731 591 785 vagante
616 729 734 770 fama
760 728 1025 784 submersas3
1056 744 1135 772 nec
1159 729 1263 771 fides
1297 730 1464 785 salutis,
1495 732 1615 772 ante·

46 803 175 844 quam
208 788 437 832 Gaesarem
469 787 790 844 exercitumque
821 787 1019 830 reducem
1051 788 1208 831 videre.

162 847 256 890 Iam
282 847 527 902 Stertinius,
558 847 611 889 ad
644 846 942 902 accipiendum
972 847 1017 889 in
1049 847 1313 890 deditionem
1346 846 1615 904 Segimerum
1631 848 1685 891 71

51 907 231 950 fratrem
258 906 449 963 Segestis
480 907 758 961 praemissus,
787 906 929 961 ipsum
962 909 1006 948 et
1035 906 1173 948 filium
1206 907 1297 949 eius
1323 907 1368 949 in
1393 907 1616 949 civitatem

46 965 258 1009 Ubiorum
301 966 574 1021 perduxerat.
648 965 750 1007 data
798 966 970 1020 utrique
1014 966 1159 1020 venia,
1209 965 1336 1008 facile
1382 964 1616 1022 Segimero,

44 1025 319 1067 cunctantius
358 1025 466 1080 filio,
505 1025 607 1081 quia
639 1024 838 1074 Quintilii
863 1023 970 1067 Vari
1001 1039 1158 1081 corpus
1202 1025 1402 1067 inlusisse
1447 1025 1616 1068 diceba-

45 1086 130 1126 tur.
181 1087 370 1127 ceterum
406 1084 459 1126 ad
492 1083 733 1138 supplenda
765 1084 974 1125 exercitus
1008 1083 1166 1126 damna
1201 1086 1419 1127 certavere
1446 1083 1615 1127 Galliae
1641 1092 1663 1127 5

47 1142 285 1198 Hispaniae
315 1142 464 1198 Italia,
502 1143 616 1198 quod
654 1143 807 1197 cuique
839 1145 1105 1198 promptum,
1144 1158 1265 1186 arma
1297 1157 1430 1199 equos
1462 1158 1615 1186 aurum

47 1202 289 1244 offerentes.
342 1216 524 1257 quorum
555 1201 732 1244 laudato
765 1201 907 1243 studio
935 1201 1229 1258 Germanicus,
1261 1203 1393 1245 armis
1419 1203 1548 1245 modo
1572 1204 1616 1245 et

46 1261 168 1316 equis
195 1261 249 1303 ad
274 1261 435 1303 bellum
462 1261 657 1316 sumptis,
688 1260 866 1315 propria
890 1261 1074 1316 pecunia
1099 1261 1282 1304 militem
1308 1261 1427 1304 iuvit.
1480 1264 1613 1317 utque

46 1320 179 1362 cladis
222 1321 476 1362 memoriam
521 1320 653 1362 etiam
697 1320 902 1362 comitate
946 1320 1118 1375 leniret,
1161 1320 1384 1363 circumire
1429 1321 1613 1376 saucios,

43 1379 161 1422 facta
193 1379 461 1434 singulorum
494 1379 717 1432 extollere,
755 1379 935 1421 vulnera
972 1380 1144 1422 intuens
1177 1380 1312 1422 alium
1345 1394 1438 1435 spe,
1476 1380 1611 1422 alium
1640 1390 1685 1423 10

44 1438 202 1494 gloria,
239 1440 418 1480 cunctos
457 1438 659 1492 adloquio
701 1439 746 1480 et
783 1452 884 1481 cura
916 1438 1084 1494 sibique
1116 1441 1160 1481 et
1188 1439 1354 1494 proelio
1393 1439 1610 1482 firmabat.

160 1496 345 1540 Decreta
388 1511 438 1539 eo
484 1511 596 1540 anno
641 1497 926 1552 triumphalia
968 1497 1162 1554 insignia
1206 1498 1257 1540 A.
1290 1497 1520 1554 Caecinae,
1563 1498 1610 1541 L.
1626 1496 1682 1541 72

41 1555 250 1611 Apronio,
282 1555 327 1599 O.
355 1555 462 1599 Silio
488 1557 543 1599 ob
570 1571 638 1599 res
665 1570 762 1598 cum
788 1556 1045 1600 Germanico
1071 1560 1230 1613 gestas,
1280 1572 1440 1601 nomen
1471 1558 1610 1612 patris

41 1616 209 1671 patriae
235 1615 446 1672 Tiberius,
471 1631 497 1658 a
521 1615 681 1671 populo
708 1616 881 1671 saepius
913 1616 1146 1672 ingestum,
1175 1616 1438 1673 repudiavit3
1469 1631 1610 1672 neque

78 1759 150 1791 ·12.
175 1757 362 1792 subtracto
384 1756 470 1791 solo.
514 1755 558 1792 In
583 1757 700 1791 etwas
726 1756 790 1792 ab·
861 1756 1058 1802 poetische
1071 1756 1317 1802 Verbindung
1330 1767 1399 1802 que
1417 1759 1450 1792 et
1469 1769 1496 1792 8.
1512 1756 1611 1792 Einl.

45 1802 282 1839 weichender
315 1802 539 1848 Bedeutung
575 1805 661 1848 sagt
684 1802 789 1848 Virg.

43 1849 135 1886 Aen.
150 1854 183 1895 5,
199 1854 266 1886 199
286 1850 586 1895 subtrahiturque
602 1851 730 1886 solum.
745 1871 790 1876 —

45 1888 146 1933 'Uber
170 1901 203 1933 et
226 1897 324 1933 nach
347 1908 424 1932 non
449 1909 477 1933 s.
497 1896 595 1932 Einl.
615 1900 646 1940 §-
668 1900 724 1933 61.

93 1953 148 1985 15.
194 1950 285 1986 eniti
321 1950 416 1985 statt
453 1950 638 1986 escendere
674 1950 792 1986 sehon

43 1997 107 2032 bei
126 1996 206 2032 cas.
226 1997 262 2032 b.
282 2007 312 2031 0.
333 2000 367 2042 2,
387 2000 433 2031 34
451 2000 494 2032 ut
517 1997 560 2032 in
584 2007 789 2033 aseensu—

42 2055 118 2080 non
140 2045 251 2088 facile
274 2045 506 2080 eniterentur.

94 2101 148 2132 19.
175 2098 241 2133 lux
260 2096 354 2133 wird
373 2096 492 2132 selten
510 2096 791 2143 personifiziert,

43 2143 141 2180 doch
166 2146 252 2190 sagt
275 2143 412 2179 bereits
439 2143 518 2180 Liv.
539 2147 572 2187 9,
592 2147 638 2179 30
662 2146 792 2190 plenos

42 2193 216 2237 crapulae
240 2202 299 2228 eoe
323 2192 390 2227 lux
413 2192 603 2237 oppressit.

92 2247 149 2279 20.
184 2244 362 2290 Viswryin
385 2244 453 2289 ist,
478 2245 527 2280 da
552 2244 619 2280 der
642 2244 791 2281 Μαι-8011

43 2291 216 2327 westlich
228 2303 303 2328 von
316 2292 383 2327 der
394 2291 483 2327 Ems
497 2303 565 2327 vor
585 2291 667 2327 sich
686 2293 788 2338 geht,

43 2339 234 2375 entweder
246 2340 425 2375 unechter
439 2338 572 2374 Zusatz
587 2339 677 2375 oder
697 2341 790 2375 statt

42 2386 144 2422 eines
197 2386 359 2422 anderen
402 2386 662 2422 Flussnatnens
705 2398 790 2422 ver-

45 2433 250 2469 schrieben.
302 2433 475 2469 Gemeint
509 2434 560 2469 ist
592 2434 692 2469 wohl
730 2434 790 2470 (110

42 2478 171 2516 Η111180
195 2480 234 2515 111
260 2480 326 2516 der
350 2479 509 2516 Provinz
534 2481 761 2526 Groningen.

93 2533 157 2568 71.
190 2537 224 2570 2.
258 2534 386 2577 filium.
425 2533 559 2569 Strabo
585 2536 702 2569 nennt
725 2533 791 2569 ihn

42 2581 269 2620 Σεσύθακος.

91 2631 126 2663 4.
167 2628 333 2663 inludere
369 2627 602 2663 konstruiert
637 2629 790 2665 Tacitus

44 2674 189 2709 sowohl
221 2675 292 2710 mit
325 2676 446 2710 Aecus
485 2675 541 2710 als
570 2675 641 2711 mit
666 2675 789 2721 Dativ,

43 2732 73 2756 z.
98 2719 140 2757 B.
168 2725 223 2765 13,
250 2724 294 2757 17
319 2722 490 2757 inlusum*
511 2723 581 2758 isse
606 2724 792 2768 pueritiae

43 2767 273 2848 ffritanmci.
298 2769 405 2804 Auch
420 2767 548 2805 Cicero
568 2771 664 2806 setzt
681 2770 789 2807 beide

80 2825 175 2851 88118.

94 2865 149 2897 11.
181 2863 320 2908 sibique
344 2866 378 2898 et
402 2863 556 2908 proelio.
604 2854 705 2899 Uber
729 2864 790 2900 die

863 1807 894 1846 ξ.
917 1807 974 1848 65,
989 1805 1024 1839 b.
1052 1825 1097 1831 —
1122 1804 1165 1838 In
1191 1804 1275 1840 dem
1294 1804 1462 1839 Verbum
1486 1804 1612 1848 firma·

863 1851 926 1886 bat
950 1850 1046 1896 liegt
1071 1851 1132 1887 ein
1159 1851 1337 1897 Zeugma:
1372 1862 1501 1887 eorum
1533 1851 1612 1887 ani-

863 1908 944 1933 mos
969 1898 1041 1934 sibi
1067 1898 1293 1934 conciliabat
1312 1899 1351 1934 et
1369 1898 1418 1934 ad
1442 1909 1611 1943 pugnan-

864 1945 952 1979 dum
991 1946 1247 1981 confirmabat.
1303 1944 1526 1981 Ausserdem
1563 1946 1613 1982 ist

864 1991 931 2026 der
955 1990 1152 2028 Gebrauch
1184 1992 1249 2028 des
1274 1992 1406 2028 Dativs
1437 1992 1514 2028 und
1546 1991 1612 2028 des

863 2038 978 2074 Verb.
1004 2039 1162 2084 simplex
1186 2052 1231 2074 zu
1255 2040 1449 2075 beachten.

914 2096 976 2133 72.
1014 2101 1048 2132 2.
1079 2099 1204 2143 patris
1231 2099 1390 2144 patriae.
1434 2097 1507 2134 Mit
1534 2098 1611 2134 die·

864 2155 942 2179 sem
963 2145 1224 2181 Ehrennamen
1243 2147 1361 2190 hatte,
1388 2145 1518 2182 soweit
1541 2157 1612 2181 11118

863 2191 1031 2228 bekannt
1060 2192 1127 2235 181,
1160 2192 1227 2228 das
1254 2193 1354 2229 Volk
1384 2195 1507 2229 zuerst
1538 2193 1612 2229 den

864 2237 994 2274 Cicero
1018 2239 1198 2285 begrsisst.

912 2302 944 2334 3.
994 2299 1158 2344 inyerere
1205 2299 1324 2345 pflegt
1372 2300 1478 2335 801181
1527 2299 1610 2335 01110

861 2345 1083 2391 feindselige
1118 2345 1320 2400 Handlung
1358 2358 1404 2382 zu
1439 2346 1610 2382 bezeich-

862 2404 953 2436 nen;
980 2393 1070 2428 aber
1094 2393 1246 2429 ahnlioh
1270 2393 1322 2430 ist
1340 2398 1374 2437 2,
1395 2398 1440 2429 79
1465 2394 1609 2439 maym'-

862 2441 1026 2476 tudinem
1058 2442 1290 2486 imperatoris
1322 2441 1520 2476 identidem
1553 2441 1610 2476 in-

862 2498 987 2532 qerens
1024 2489 1083 2533 (=
1113 2489 1435 2543 commemorans).
1480 2507 1525 2513 —
1568 2488 1611 2523 in

863 2538 948 2570 acta
979 2535 1139 2571 alicuius
1167 2536 1310 2579 iurare,
1349 2535 1410 2570 ein
1439 2533 1512 2569 Eid
1543 2534 1611 2570 der

863 2580 1000 2626 Treue,
1041 2582 1113 2617 den
1146 2584 1269 2618 zuerst
1302 2581 1363 2617 die
1398 2581 1611 2617 Triumvirn

862 2628 915 2663 im
952 2628 985 2663 J.
1011 2631 1057 2663 42
1094 2629 1134 2664 in
1166 2629 1294 2674 Bezug
1328 2628 1395 2664 auf
1427 2628 1487 2663 die
1519 2628 1610 2664 Ver-

863 2675 1083 2721 orduungen
1108 2675 1241 2712 casam
1273 2676 1447 2721 geleistet
1477 2675 1611 2711 hatten

862 2723 939 2757 und
959 2723 1031 2757 den
1051 2723 1118 2758 der
1137 2722 1252 2758 Senat
1271 2723 1376 2758 sonst
1393 2722 1610 2768 alljahrlich

862 2781 924 2805 am
952 2774 982 2804 1.
1008 2770 1149 2805 Januar
1180 2771 1264 2806 dem
1290 2770 1422 2806 Kaiser
1450 2768 1608 2814 10181010,

890 2827 1027 2852 enauer
1061 2816 1233 2852 definiert
1265 2828 1340 2853 von
1373 2816 1445 2853 Dio
1477 2821 1535 2861 47,
1563 2821 1606 2853 18

861 2875 1015 2910 ωμοσαν
1047 2884 1092 2890 -
1125 2863 1263 2911 βέβαιοι
1298 2868 1444 2911 νομιεῖν
1481 2863 1610 2900 πάντα
