1794 3094
574 117 721 153 LIBER
744 117 789 154 II.
841 116 943 154 OAP.
971 120 1098 153 7—11.

1537 117 1619 159 101

62 227 279 270 insultant
314 225 435 281 aquis
474 226 696 280 artemque
733 224 866 267 nandi
903 225 1139 279 ostentant,
1171 223 1336 266 turbati
1375 226 1419 265 et
1449 223 1622 278 quidam

61 286 206 329 hausti
238 287 347 328 sunt.
403 284 584 326 metanti
616 285 760 326 castra
792 282 967 327 Caesari
991 283 1349 338 Angrivariorum
1381 282 1565 325 defectio
1598 298 1624 325 a

63 348 187 401 tergo
217 343 460 386 nuntiatur:
505 342 663 385 missus
700 343 802 386 ilico
835 342 1067 385 Stertinius
1105 357 1202 385 cum
1235 342 1379 397 equite
1410 343 1455 383 et
1485 356 1623 384 arma-

61 406 161 447 tura
191 404 278 446 levi
307 403 408 458 igne
441 403 484 444 et
514 402 716 444 caedibus
748 401 973 457 perfidiam
1004 401 1122 443 ultus
1155 403 1231 444 est.
1639 411 1681 443 15

178 461 361 504 Flumen
379 459 579 517 Visurgis
606 460 825 503 Romanos
852 459 1176 515 Cheruscosque
1202 459 1488 502 interfluebat.
1532 459 1664 502 eius9

62 522 109 564 in
139 522 234 576 ripa
264 535 363 563 cum
394 521 546 563 ceteris
578 520 842 575 primoribus
875 519 1099 562 Arminius
1132 519 1313 574 adstitit,
1345 520 1626 574 quaesitoque

65 595 120 623 an
145 579 303 623 Caesar
326 579 530 634 venisset,
555 581 787 634 postquam
818 579 968 622 adesse
998 593 1256 636 responsum
1287 581 1365 634 est,
1397 581 1447 620 ut
1477 578 1628 620 liceret

62 654 157 683 cum
194 639 329 682 fratre
361 638 561 693 conloqui
593 638 746 680 oravit.

820 641 914 681 erat
951 638 989 680 is
1027 639 1072 680 in
1109 638 1302 681 exercitu
1339 639 1627 692 cognomento

58 698 240 753 Flavus,
278 697 464 751 insignis
502 697 585 739 fide
618 699 662 739 et
693 697 853 740 amisso
891 712 968 753 per
998 697 1152 740 vulnus
1185 697 1307 740 oculo
1345 697 1493 751 paucis
1526 698 1662 738 ante5

64 758 188 801 annis
221 757 327 800 duce
365 756 554 799 Tiberio.
615 759 709 799 tum
739 757 998 812 permissum
1038 769 1381 812 progressusque
1415 756 1628 797 salutatur

63 817 117 860 ab
149 815 367 869 Armini03
399 816 472 871 qui
504 816 664 858 amotis
697 816 1000 872 stipatoribus,
1037 818 1086 857 ut
1118 815 1336 872 sagittarii
1367 817 1518 857 nostra
1548 828 1627 870 pro

62 876 158 932 ripa
192 874 391 931 dispositi
422 875 701 917 abscederent
730 875 936 931 postulat,
962 877 1005 916 et
1035 877 1269 930 postquam
1294 874 1490 929 digressi,
1513 873 1628 916 unde

62 950 113 977 ea
145 934 393 977 deformitas
421 934 507 976 oris
539 935 784 990 interrogat
814 934 1006 976 fratrem.
1056 934 1132 976 illo
1165 935 1309 976 locum
1341 935 1384 975 et
1414 932 1628 988 proelium

63 994 290 1047 referente,
313 993 530 1048 quodnam
554 994 795 1048 praemium
820 993 1056 1048 recepisset
1075 992 1272 1048 exquirit.
1315 991 1476 1034 Flavus
1502 994 1628 1034 aucta
1643 996 1687 1028 10

64 1053 291 1108 stipendia,
316 1055 515 1107 torquem
541 1055 583 1094 et
610 1067 814 1095 coronam
840 1052 1008 1107 aliaque
1034 1052 1240 1094 militaria
1266 1052 1378 1094 dona
1403 1052 1628 1106 memorat,

55 1112 270 1155 inridente
302 1110 501 1153 Arminio
533 1111 636 1153 vilia
667 1112 832 1154 servitii
863 1112 1017 1166 pretia.

179 1170 295 1213 Exin
326 1170 484 1212 diversi
510 1170 746 1222 ordiuntur,
775 1170 847 1213 hic
878 1170 1220 1226 magnitudinem
1244 1169 1499 1224 Romanam,
1525 1183 1628 1224 opes
1644 1175 1700 1218 10

62 1230 260 1274 Caesaris
293 1232 337 1271 et
366 1229 493 1271 victis
527 1243 681 1286 graves
712 1244 887 1285 poenas,
917 1230 962 1271 in
994 1229 1255 1271 deditionem
1284 1228 1477 1271 venienti
1506 1243 1629 1283 para-

66 1292 158 1331 tam
205 1288 495 1343 clementiam3
539 1303 679 1343 neque
726 1289 954 1345 coniugem
1002 1291 1046 1330 et
1086 1288 1226 1329 filium
1275 1288 1366 1330 eius
1410 1287 1629 1329 hostiliter

63 1348 233 1391 haberi:
260 1347 334 1389 ille
358 1347 425 1389 fas
446 1348 624 1403 patriae,
649 1348 898 1390 libertatem
922 1347 1095 1401 avitam,
1120 1347 1355 1403 penetralis
1375 1345 1630 1388 Germaniae

59 1407 181 1462 deos,
218 1409 402 1449 matrem
432 1420 610 1461 precum
642 1407 823 1463 sociam3
859 1421 913 1448 ne
951 1406 1295 1462 propinquorum
1335 1408 1378 1447 et
1409 1405 1659 1460 adfinium‚5

57 1467 240 1521 denique
273 1465 414 1521 gentis
447 1480 549 1507 suae
580 1465 774 1508 desertor
805 1468 849 1508 et
878 1466 1074 1520 proditor
1100 1480 1231 1520 quam
1261 1465 1499 1520 imperator
1530 1479 1624 1507 esse

58 1525 220 1568 mallet.
280 1524 492 1579 paulatim
524 1524 622 1566 inde
655 1525 709 1567 ad
740 1525 882 1580 iurgia
913 1525 1105 1580 prolapsi
1139 1539 1222 1580 quo
1255 1524 1399 1566 minus
1431 1537 1626 1580 pugnam

57 1586 328 1627 consererent
376 1598 430 1624 ne
479 1583 655 1626 flumine
699 1584 872 1639 quidem
921 1584 1148 1626 interiecto
1200 1583 1534 1637 cohibebantur,
1578 1583 1622 1624 ni

60 1642 292 1686 Stertinius
332 1642 562 1686 adcurrens
599 1643 776 1699 plenum
815 1643 904 1685 irae
943 1657 1148 1698 armaque
1181 1645 1224 1684 et
1256 1657 1413 1698 equum
1445 1656 1624 1697 poscen-

56 1705 146 1745 tem
194 1701 376 1744 Flavum
431 1701 700 1745 adtinuisset.

786 1702 1042 1744 cernebatur
1090 1704 1241 1745 contra
1298 1701 1623 1743 minitabundus
1645 1715 1687 1746 10

58 1761 281 1804 Arminius
321 1761 618 1816 proeliumque
656 1761 933 1818 denuntians3
970 1776 1072 1803 nam
1116 1761 1318 1816 pleraque
1349 1760 1507 1803 Latino
1540 1775 1626 1802 ser-

59 1834 184 1863 mone
227 1819 547 1875 interiaciebat,
591 1823 639 1862 ut
681 1822 755 1875 qui
786 1820 994 1863 Romanis
1038 1820 1084 1862 in
1125 1820 1278 1863 castris
1311 1819 1462 1862 ductor
1492 1834 1626 1875 popu-

56 1879 212 1922 lariam
243 1878 483 1920 meruisset.

176 1937 356 1980 Postero
408 1937 475 1979 die
520 1936 835 1980 Germanorum
886 1938 998 1980 acies
1049 1940 1171 1979 trans
1216 1937 1440 1993 Visurgim
1491 1937 1626 1980 stetit.
1646 1940 1697 1982 11

60 1995 221 2040 Caesar
251 1996 336 2037 nisi
367 1996 575 2050 pontibus
612 1996 923 2052 praesidiisque
955 1997 1155 2051 inpositis
1187 1996 1288 2038 dare
1320 1996 1366 2038 in
1398 1996 1630 2039 discrimen

109 2139 164 2171 13.
185 2135 507 2180 Anyrivariorum.
533 2134 662 2170 Hierin
684 2135 808 2171 steckt

59 2181 120 2218 ein
163 2181 439 2218 Sehreibfehler
482 2181 571 2217 oder
614 2182 675 2217 ein
717 2182 806 2218 Ver-

59 2229 174 2265 sehen
199 2229 264 2264 des
291 2228 513 2273 Verfassers,
534 2229 631 2264 denn
651 2229 712 2266 die
731 2231 806 2264 An-

58 2275 239 2322 grivarier
264 2277 440 2312 wohnten
470 2276 546 2312 viel
573 2276 700 2312 weiter
731 2278 806 2312 ost-

60 2323 157 2367 lich,
177 2323 335 2369 jenseits
362 2324 428 2358 der
446 2323 587 2359 Weser.
634 2323 808 2360 Gemeint

60 2370 144 2406 sind
186 2370 286 2406 wohl
329 2371 389 2406 die
429 2370 699 2416 Ampsivarier,
746 2372 806 2407 die

61 2418 230 2454 westlich
253 2428 329 2453 von
353 2418 419 2453 der
438 2418 536 2462 Ems,
564 2419 645 2454 also
665 2431 690 2454 a
708 2422 806 2464 terqo

2 2491 6 2493 -
61 2465 245 2501 wohnten.
271 2464 377 2500 Eben
389 2475 428 2500 so
441 2465 480 2501 in
493 2466 589 2511 Kpp.
605 2469 650 2500 22
662 2465 738 2501 und
748 2469 805 2501 24.

106 2512 145 2548 9.
179 2516 210 2547 1.
260 2513 468 2557 interfluere
492 2513 562 2548 mit
582 2512 667 2548 dem
687 2513 804 2549 Aecu-

60 2560 174 2604 sativ‚
208 2559 278 2594 wie
303 2559 390 2595 hist.
417 2564 456 2604 3,
483 2564 522 2605 5,
554 2561 653 2595 daun
680 2560 807 2596 Livius

61 2606 138 2641 und
165 2606 324 2642 Curtius.
371 2607 525 2652 Spatere
546 2607 807 2643 konstruieren

61 2663 103 2734 sp
127 2653 325 2698 interflare,
348 2653 569 2690 interiacere
594 2655 670 2689 und
695 2654 807 2690 inter-

61 2711 78 2735 ε
97 2710 170 2736 are.

108 2751 140 2783 2.
189 2748 368 2793 quaesito,
402 2748 472 2784 wie
511 2752 634 2794 6,15.

60 2792 247 2840 uirgends.

108 2845 141 2877 6.
180 2843 398 2886 permissum
423 2842 503 2879 scil.
528 2847 589 2880 est.
616 2842 685 2878 Die
705 2842 806 2879 Bitte

63 2886 127 2923 des
153 2887 343 2924 Arminius
367 2889 472 2924 ward
497 2891 677 2935 gewithrt.

698 2749 809 2785 Sonst

927 2139 959 2171 7.
1004 2146 1077 2181 pro
1100 2137 1205 2182 ripa,
1231 2147 1259 2171 s.
1285 2148 1330 2171 zu
1357 2147 1412 2181 cp.
1442 2139 1496 2171 13.

926 2186 959 2219 8.
998 2187 1194 2228 postquam
1226 2183 1391 2228 digressi.
1441 2177 1542 2219 Uber
1565 2183 1627 2220 die

878 2229 1109 2276 Auslassung
1147 2231 1214 2266 der
1244 2230 1402 2266 Formen
1440 2231 1504 2267 des
1535 2230 1626 2266 Ver-

878 2278 986 2313 bums
1019 2288 1090 2314 esse
1120 2278 1159 2312 in
1185 2278 1445 2314 Nebensatzen
1477 2289 1505 2314 s.
1530 2278 1628 2314 Einl.

879 2328 994 2408 g'1²(i).
1030 2376 1062 2407 3.
1106 2373 1241 2417 filium,
1273 2372 1440 2408 namlich
1465 2373 1628 2408 Thume-

878 2419 986 2502 111οέ88.
1021 2440 1067 2445 -
1106 2420 1184 2455 eius
1215 2419 1239 2454 i.
1273 2431 1304 2455 e.
1337 2420 1512 2464 Arminii3
1549 2419 1626 2465 vgl.

927 2518 960 2549 4.
999 2514 1203 2559 penetrales
1230 2513 1455 2549 dichterisch
1484 2514 1544 2549 fiir
1566 2525 1626 2558 pe-

879 2565 999 2605 nates,
1033 2561 1114 2596 hier
1145 2560 1206 2596 die
1242 2560 1457 2596 nationalen
1484 2560 1626 2596 Gotter.

929 2612 960 2643 8.
988 2609 1258 2652 cohibebantur,
1277 2609 1320 2643 ni
1333 2629 1377 2633 —
1396 2608 1626 2645 adtinuisset.

880 2654 966 2700 Vgl.
993 2655 1087 2691 Einl.
1114 2658 1143 2698 ξ.
1174 2659 1252 2699 103,
1280 2659 1312 2690 1.

930 2705 985 2737 12.
1030 2703 1243 2738 interiacere
1274 2701 1324 2737 ist
1346 2701 1385 2736 in
1411 2701 1533 2737 dieser
1557 2702 1627 2737 Be-

880 2749 1049 2794 deutung
1074 2748 1296 2784 Taciteisch.
1343 2749 1428 2794 Vgl.
1456 2753 1488 2793 1,
1513 2753 1559 2785 23
1584 2749 1629 2785 ni

881 2797 981 2832 miles
1013 2807 1134 2841 preces
1165 2800 1197 2832 et
1229 2797 1350 2831 minas
1380 2797 1625 2833 interiecisset.

927 2843 991 2879 11.
1030 2847 1062 2878 2.
1113 2844 1202 2879 dare
1232 2844 1274 2879 in
1306 2844 1520 2888 discrimen,
1553 2844 1626 2879 wie

881 2894 938 2936 12,
966 2894 1010 2925 14
1035 2902 1110 2927 rem
1134 2891 1176 2926 in
1200 2901 1324 2927 casum
1348 2891 1447 2927 dare.
