1786 3120
197 100 284 142 124

623 99 851 136 CORNELII
875 99 1036 135 TACITI
1060 99 1320 136 ANNALIUM

196 208 311 264 quod
342 209 379 251 si
408 223 563 250 nurum
587 206 829 264 Agrippina
859 222 948 251 non
978 207 1063 250 nisi
1093 207 1182 250 filio
1214 207 1418 251 infestam
1448 207 1559 250 ferre
1587 212 1751 265 posset,

195 267 444 310 redderetur
468 267 564 322 ipsa
590 266 771 310 Othonis
798 267 1016 323 coniugio:
1046 267 1206 310 ituram
1231 281 1402 323 quoquo
1427 269 1650 323 terrarum,
1674 269 1750 311 ubi

196 326 360 369 audiret
396 326 539 382 potius
578 326 858 369 contumelias
895 326 1168 380 imperatoris
1207 341 1333 381 quam
1365 326 1520 369 viseret
1548 328 1753 382 periculis

196 386 286 427 eius
324 385 517 427 inmixta.
576 386 682 428 haec
719 388 847 441 atque
878 385 984 427 talia
1014 386 1201 427 lacrimis
1234 388 1277 427 et
1309 386 1399 427 arte
1432 385 1648 429 adulterae
1679 401 1750 442 pe-

127 455 168 487 15
194 445 411 486 netrantia
441 458 566 486 nemo
597 444 864 499 prohibebat,
899 444 1165 498 cupientibus
1199 445 1362 486 cunctis
1393 444 1570 500 infringi
1601 447 1748 500 poten-

194 504 301 545 tiam
335 503 488 545 matris
521 505 564 544 et
595 503 791 545 credente
822 503 943 545 nullo
975 517 1107 558 usque
1140 504 1193 546 ad
1225 503 1396 546 caedem
1428 503 1517 546 eius
1549 503 1752 547 duratura

195 562 275 603 filii
307 562 416 604 odia.

313 619 463 662 Tradit
489 618 664 662 Cluvius
697 619 847 662 ardore
871 620 1120 662 retinendae
1145 621 1431 676 Agrippinam
1455 599 1675 676 potentiae
1701 636 1752 665 eo

195 693 330 734 usque
367 680 633 733 provectam,
668 682 717 720 ut
753 678 891 721 medio
931 678 1032 734 diei,
1069 693 1164 721 cum
1201 680 1244 721 id
1281 680 1486 735 temporis
1521 679 1639 723 Nero
1677 695 1755 736 per

195 738 342 779 vinum
362 740 405 779 et
424 738 570 793 epulas
590 737 879 792 incalesceret,
905 737 1076 779 offerret
1096 752 1141 780 se
1161 739 1328 793 saepius
1353 739 1586 782 temulento
1610 754 1753 796 comp·

195 799 285 838 tam
321 798 363 839 et
393 796 558 838 incesto
588 798 796 851 paratam.
843 797 1014 852 iamque
1045 797 1206 839 lasciva
1237 798 1382 840 oscula
1407 800 1451 840 et
1473 799 1752 853 praenuntias

149 868 169 900 5
195 856 351 911 flagitii
382 855 617 897 blanditias
650 855 957 898 adnotantibus
988 855 1208 910 proximis,
1246 855 1448 899 Senecam
1479 860 1631 900 contra
1661 873 1754 900 mu-

195 915 350 957 liebres
383 914 619 957 inlecebras
653 915 890 957 subsidium
930 929 955 956 a
991 914 1154 957 femina
1189 915 1408 971 petivisse,
1444 915 1752 973 inmissamque

191 973 331 1015 Acten
368 973 588 1028 libertam,
627 988 734 1028 quae
774 974 901 1016 simul
939 988 1015 1016 suo
1053 974 1241 1028 periculo
1279 976 1322 1016 et
1355 975 1533 1016 infamia
1551 974 1750 1022 ‚Neronis

192 1033 319 1074 anxia
350 1032 533 1074 deferret
562 1033 863 1088 pervulgatum
896 1047 988 1075 esse
1015 1033 1227 1075 incestum
1253 1033 1467 1088 gloriante
1493 1036 1641 1089 matre,
1669 1049 1748 1078 nec

191 1091 449 1134 toleraturos
480 1091 640 1134 milites
671 1093 845 1146 profani
874 1092 1081 1147 principis
1113 1092 1351 1147 imperium.
1413 1091 1574 1135 Fabius
1605 1092 1750 1136 Rusti-

124 1165 167 1196 ιο
193 1165 266 1193 cus
297 1165 387 1193 non
413 1150 680 1206 Agrippinae
713 1151 787 1193 sed
811 1150 975 1194 Neroni
1007 1151 1198 1207 cupitum
1229 1150 1273 1192 id
1305 1153 1514 1194 memorat
1544 1151 1753 1194 eiusdem-

194 1223 274 1264 que
312 1210 492 1252 libertae
531 1212 627 1252 astu
665 1210 900 1253 disiectum.
962 1210 1036 1253 sed
1074 1207 1187 1266 quae'
1214 1209 1408 1265 Cluvius,
1446 1210 1594 1253 eadem
1625 1211 1754 1253 ceteri

195 1283 362 1324 quoque
395 1271 589 1311 auctores
622 1269 856 1325 prodidere,
891 1272 934 1312 et
963 1269 1082 1311 fama
1111 1269 1194 1311 huc
1226 1269 1418 1324 inclinat,
1450 1283 1526 1312 seu
1557 1270 1753 1325 concepit

194 1328 339 1370 animo
383 1329 553 1370 tantum
596 1328 866 1371 inmanitatis
906 1327 1167 1384 Agrippina,
1210 1342 1286 1371 seu
1331 1328 1573 1371 credibilior
1615 1342 1754 1372 novae

193 1386 386 1429 libidinis
418 1387 642 1430 meditatio
673 1387 719 1429 in
751 1402 800 1430 ea
831 1388 924 1430 visa
954 1390 1036 1443 est,
1072 1401 1180 1443 quae
1211 1387 1473 1442 puellaribus
1506 1387 1631 1430 annis
1664 1390 1751 1430 stu-

126 1459 167 1490 15
194 1460 317 1500 prum
356 1460 451 1488 cum
484 1445 643 1501 Lepido
683 1461 757 1502 spe
796 1446 1101 1489 dominationis
1142 1446 1391 1502 admiserat,
1429 1447 1523 1501 pari
1557 1446 1754 1502 cupidine

194 1519 330 1560 usque
363 1505 416 1547 ad
447 1505 570 1547 libita
598 1505 808 1548 Pallantis
840 1506 1071 1560 provoluta
1104 1507 1146 1547 et
1177 1506 1360 1547 exercita
1391 1505 1445 1547 ad
1477 1520 1603 1548 omne
1633 1505 1754 1561 fiagi-

195 1563 304 1605 tium
334 1564 478 1618 patrui
508 1565 683 1618 nuptiis.

245 1694 299 1726 11.
325 1691 505 1735 infestam.
537 1690 606 1726 Die
628 1691 784 1727 Octavia
810 1691 860 1727 ist
878 1703 942 1738 ge-

195 1737 321 1773 meint.

244 1788 299 1820 12.
337 1795 477 1830 quoquo
513 1788 711 1829 terrarum,
747 1785 818 1822 wie
857 1787 940 1822 Ter.

195 1832 342 1868 Phorm.
370 1836 403 1877 3,
424 1837 456 1876 6,
478 1836 522 1868 18
548 1843 688 1878 quoquo
713 1834 798 1868 hinc
817 1844 940 1879 aspor-

195 1879 335 1915 tabitur
372 1883 569 1923 terrarum,
607 1883 742 1916 certum
778 1883 828 1916 est
860 1892 941 1925 per-

195 1927 305 1972 sequi.
354 1926 474 1962 Plaut.
502 1938 612 1962 merc.
640 1931 707 1963 857
737 1931 835 1963 certa
858 1931 941 1972 rest,

196 1985 248 2008 me
273 1984 384 2019 usque
408 1985 576 2019 quaerere
598 1975 712 2018 illam,
737 1986 878 2020 quoquo
897 1986 940 2011 ea

196 2021 282 2057 hinc
307 2022 498 2057 abductast
521 2022 691 2067 yentium.
737 2022 849 2058 Sonst
872 2034 939 2058 un-

198 2068 475 2113 gebrauchlich.

246 2119 299 2151 14.
327 2116 486 2151 inmioeta
504 2116 544 2151 in
569 2116 796 2162 tropischem
816 2116 939 2162 Sinne,

196 2162 266 2197 wie
291 2162 377 2198 hist.
405 2167 437 2208 4,
459 2166 502 2198 85
528 2174 592 2199 nec
611 2165 743 2208 parvis
764 2165 940 2208 perieulis

195 2210 383 2245 inmixtus.
430 2192 638 2246 Ahnliches
670 2211 730 2246 bei
761 2210 940 2246 Dichtern

196 2256 271 2291 und
296 2256 377 2293 Liv.
404 2260 467 2302 26,
494 2261 538 2293 37
570 2258 687 2293 variis
714 2259 859 2294 casibus
883 2259 939 2294 in-

195 2304 313 2340 mixti.

247 2354 300 2386 16.
334 2354 367 2387 et
399 2371 441 2376 —
473 2351 584 2387 nullo.
635 2351 720 2397 Vgl.
750 2355 811 2396 13,
838 2356 882 2387 47
909 2356 942 2388 et

195 2398 338 2434 nullius
357 2398 441 2434 ausi
459 2409 589 2444 capax.
616 2402 648 2442 2,
669 2402 724 2434 25.
748 2403 780 2443 6,
800 2403 846 2435 46
865 2399 941 2434 und

197 2445 312 2481 schon
346 2444 386 2480 in
417 2445 489 2481 den
519 2445 711 2481 kleineren
743 2446 938 2481 Schriften.

197 2513 241 2519 -—
267 2493 403 2529 durare
433 2492 655 2537 intransitiv,
686 2492 756 2528 wie
790 2497 827 2538 1,
847 2497 868 2528 6
899 2494 941 2529 in

197 2541 339 2575 nullius
365 2551 534 2586 umquam
558 2551 708 2576 suorum
732 2551 850 2576 necem
874 2541 939 2576 du-

197 2588 305 2623 ravit.
351 2587 398 2622 So
425 2588 499 2622 erst
516 2587 569 2622 im
589 2587 776 2623 silbernen
794 2587 936 2623 Latein.

245 2634 283 2670 2.
323 2638 355 2671 1.
393 2624 493 2670 Uber
529 2634 678 2670 Cluvius
708 2634 826 2670 Rufus
862 2636 939 2670 und

197 2681 270 2717 den
293 2681 457 2717 nachher
482 2682 696 2717 erwahnten
714 2682 849 2718 Fabius
866 2682 940 2717 Ru-

198 2728 310 2763 sticus
329 2740 356 2763 s.
377 2740 421 2763 zu
443 2732 498 2773 13,
518 2733 573 2765 20.
602 2749 645 2754 —
670 2728 740 2764 Die
769 2729 940 2775 Stellung

197 2776 406 2811 retinendae
429 2775 520 2821 Ayr.
545 2777 731 2821 potentiae
760 2775 848 2812 faut
879 2776 940 2812 bei

198 2821 283 2857 Tac.
324 2822 402 2866 auf,
440 2823 535 2859 doch
572 2823 647 2869 vgl.
681 2826 718 2868 1,
749 2826 793 2859 67
830 2823 940 2859 donec

198 2870 437 2914 expuynandi
466 2871 579 2907 hostes
609 2881 671 2915 spe
697 2871 853 2916 propius
881 2881 940 2906 ac-

1013 1691 1181 1727 cederent.
1219 1695 1251 1736 1,
1271 1693 1325 1726 28.
1352 1694 1409 1726 39.
1429 1694 1485 1726 40.
1508 1694 1565 1734 13,
1583 1694 1640 1726 54.
1665 1691 1754 1738 Agr.

1013 1741 1058 1773 45
1086 1749 1173 1774 »mox
1203 1741 1348 1774 nostrae
1378 1738 1512 1774 duxere
1541 1737 1754 1775 Helvidiwm

1011 1786 1054 1821 in
1073 1796 1248 1821 carcerem
1264 1795 1405 1820 manus.
1437 1784 1504 1820 Bei
1523 1784 1597 1820 den
1614 1785 1753 1821 Fn‘ihc-

1012 1844 1077 1868 ren
1096 1831 1190 1868 wird
1207 1831 1283 1867 viel
1301 1832 1470 1877 haufiger
1487 1832 1554 1868 das
1574 1831 1756 1869 Substan—

1012 1880 1068 1915 tiv
1092 1891 1179 1915 vom
1203 1878 1373 1914 Attribut
1396 1880 1581 1932 getrennt.

1061 1931 1093 1962 2.
1125 1927 1240 1962 medio
1264 1926 1339 1962 diei
1364 1926 1434 1962 wic
1461 1930 1515 1971 11,
1541 1930 1597 1962 21.
1625 1931 1668 1963 12

1010 1975 1107 2009 nach
1138 1973 1279 2009 Sallust
1309 1973 1386 2008 und
1416 1973 1555 2010 Livius.
1585 1931 1753 2011 —fiber

1010 2021 1051 2057 id
1075 2021 1244 2066 temporis
1268 2032 1295 2055 s.
1322 2032 1365 2055 zu
1394 2024 1454 2064 12,
1479 2023 1512 2057 8.

1062 2072 1114 2105 11.
1147 2069 1334 2104 disiectum
1367 2068 1576 2113 „vereitelt,
1615 2066 1755 2104 hinter-

1010 2115 1191 2152 triebeffl.

1013 2166 1080 2199 339
1107 2163 1218 2198 disice
1242 2163 1464 2207 conpositam
1482 2173 1628 2208 pacem,
1652 2162 1752 2198 daun

1011 2210 1091 2246 Liv.
1118 2213 1175 2255 25,
1197 2213 1252 2254 14,
1275 2213 1296 2244 3
1321 2209 1407 2245 haec
1431 2210 1586 2246 consilia
1609 2229 1653 2236 —-
1677 2210 1750 2246 dis-

1012 2258 1113 2301 iecit,
1137 2257 1214 2292 und
1236 2257 1289 2291 im
1315 2256 1500 2292 silbernen
1524 2255 1666 2293 Latein.

1062 2308 1116 2339 14.
1143 2304 1323 2349 puellaris
1341 2304 1417 2339 erst
1435 2303 1506 2339 seit
1526 2303 1632 2348 Ovid,
1656 2305 1752 2340 auch

1012 2351 1073 2388 bei
1106 2351 1242 2387 beiden
1266 2351 1407 2386 Plinius
1432 2350 1509 2386 und
1534 2349 1748 2393 Quintilian.

1062 2402 1115 2434 15.
1149 2399 1227 2444 Lep
1229 2398 1329 2442 idus,
1361 2398 1426 2433 der
1458 2398 1536 2434 sich
1566 2397 1635 2433 mit
1657 2396 1751 2434 Len-

1248 2114 1296 2150 So
1328 2116 1450 2151 zuerst
1473 2115 1576 2161 Virg.
1602 2115 1692 2151 Aen.
1719 2119 1752 2160 7,

1013 2446 1114 2481 tulus
1155 2457 1276 2492 gegen
1320 2444 1491 2491 Caligula
1529 2444 1752 2491 verschwor,

1011 2493 1115 2528 ward
1138 2493 1191 2528 im
1215 2493 1247 2528 J.
1271 2496 1317 2528 40
1342 2491 1600 2537 hingerichtet.
1644 2473 1752 2528 Nach

1011 2539 1082 2575 Dio
1108 2550 1185 2575 war
1215 2551 1271 2584 er,
1303 2539 1474 2585 obgleich
1499 2537 1658 2574 Gemahl
1686 2539 1752 2575 der

1010 2587 1191 2632 Drusilla,
1226 2587 1290 2623 des
1314 2585 1527 2622 Ehebruchs
1552 2585 1658 2622 nicht
1681 2598 1751 2623 nur

1010 2633 1080 2670 mit
1128 2634 1240 2670 deren
1285 2633 1488 2670 Schwester
1530 2632 1750 2679 Agrippina,

1012 2681 1170 2717 sondern
1213 2681 1309 2717 auch
1349 2679 1420 2715 mit
1458 2679 1559 2715 Julia
1600 2679 1750 2725 Livinei,

1013 2728 1193 2764 ebenfalls
1218 2728 1320 2764 einer
1344 2727 1550 2762 Schwester
1569 2727 1634 2762 des
1654 2726 1749 2764 Gali-

1012 2776 1116 2821 gula,
1156 2775 1335 2820 schuldig.
1396 2773 1563 2809 Letztere
1599 2774 1751 2811 wurden

1012 2823 1108 2858 nach
1134 2822 1234 2859 einer
1257 2822 1355 2856 Insel
1379 2819 1595 2866 deportiert.

1061 2874 1115 2905 16.
1157 2868 1349 2914 provoluta
1385 2867 1629 2914 „erniedrigt,
1672 2868 1750 2905 sich
