1794 3126
113 182 172 225 25

186 73 272 115 234

614 72 842 110 CORNELII
867 73 1031 110 TACITI
1054 73 1316 110 ANNALIUM

303 181 413 224 Tum
438 181 630 224 Thrasea
657 182 769 223 inter
799 182 1016 236 proximos
1049 181 1320 236 consultavit,
1350 184 1647 238 temptaretne,
1670 182 1739 226 de-

184 240 423 284 fensionem
454 256 510 283 an
542 243 770 296 sperneret.
826 240 992 284 diversa
1017 241 1195 283 consilia
1220 240 1533 284 adferebantur.
1585 241 1740 297 quibus

177 300 338 342 intrari
369 300 531 343 curiam
563 300 775 355 placebat,
807 314 979 343 securos
1011 315 1102 343 esse
1134 300 1184 342 de
1217 301 1461 342 constantia
1493 300 1583 343 eius
1608 300 1740 343 disse-

185 362 302 415 runt,
339 359 450 401 nihil
488 359 701 401 dicturum
734 359 819 401 nisi
850 373 932 414 quo
965 359 1147 416 gloriam
1179 361 1373 415 augeret3
1413 372 1564 415 segnes
1594 361 1640 402 et
1669 374 1740 415 pa-

139 429 160 461 5
186 418 307 461 vidos
347 418 557 473 supremis
596 418 683 460 suis
721 420 929 460 secretum
967 418 1240 460 circumdare.

1310 418 1519 473 aspiceret
1554 419 1740 473 populus

184 479 322 520 virum
366 478 496 519 morti
534 477 726 530 obvium,
771 476 937 518 audiret
974 480 1148 519 senatus
1186 491 1311 519 voces
1350 477 1472 533 quasi
1509 491 1561 519 ex
1597 477 1739 533 aliquo
1766 503 1771 509 -

184 536 359 579 numine
398 551 525 590 supra
562 535 791 577 humanas:
829 550 954 590 posse
992 536 1087 591 ipso
1125 536 1331 578 miraculo
1365 536 1494 578 etiam
1525 535 1740 579 Neronem

184 595 434 650 permoveri.
495 595 561 636 sin
593 594 838 636 crudelitati
867 594 1102 648 insisteret,
1141 595 1348 651 distingui
1379 597 1493 637 certe
1525 595 1638 650 apud.
1667 609 1740 651 po-

186 656 323 696 steros
354 653 604 696 memoriam
637 653 808 695 honesti
834 653 972 695 exitus
998 654 1051 695 ab
1083 654 1258 709 ignavia
1290 669 1366 708 per
1396 654 1617 697 silentium
1647 668 1740 710 per-

116 725 159 756 10
185 713 390 756 euntium.

113 773 171 816 26

303 770 465 814 Contra
496 771 568 827 qui
600 770 904 826 opperiendum
936 770 1081 813 domui
1113 772 1361 826 censebant,
1398 772 1449 814 de
1479 772 1573 827 ipso
1605 771 1740 814 Thra-

187 845 259 873 sea
290 831 452 886 eadem,
487 830 559 872 sed
590 829 776 872 ludibria
807 832 851 872 et
882 830 1159 872 contumelias
1191 830 1431 873 imminere:
1470 831 1742 874 subtraheret

186 904 309 933 aures
336 890 538 933 conviciis
567 891 608 931 et
632 889 813 944 probris.
862 903 951 932 non
977 889 1114 931 solum
1141 888 1445 932 Cossutianum
1470 892 1545 932 aut
1562 889 1741 946 Eprium

186 949 240 991 ad
271 950 409 992 scelus
441 951 683 1004 promptos:
716 962 938 1003 superesse
964 948 1037 1003 qui
1061 948 1246 991 forsitan
1271 963 1422 991 manus
1449 949 1642 1005 ictusque
1666 963 1743 1005 per

137 1019 158 1052 5
184 1008 498 1051 immanitatem
536 1008 749 1064 ingesturi
793 1007 895 1063 sint;
933 1008 1063 1050 etiam
1094 1007 1230 1050 bonos
1262 1010 1379 1050 metu
1411 1007 1544 1062 sequi.
1603 1008 1742 1051 detra-

183 1067 307 1110 heret
342 1068 485 1123 potius
526 1067 710 1122 senatui,
748 1081 873 1122 quem
903 1066 1236 1122 perornavisset,
1274 1066 1497 1109 infamiam
1527 1067 1638 1109 tanti
1669 1066 1742 1110 fla.-

185 1126 299 1182 gitii,
337 1129 380 1169 et
410 1127 671 1182 relinqueret
710 1126 919 1168 incertum
951 1126 1051 1182 quid
1083 1126 1174 1168 viso
1207 1125 1398 1168 Thrasea
1428 1140 1500 1168 reo
1533 1125 1743 1168 decreturi

183 1188 329 1241 patres
360 1186 532 1228 fuerint.
594 1187 642 1227 ut
671 1184 888 1228 Neronem
923 1184 1185 1241 flagitiorum
1217 1184 1355 1239 pudor
1385 1188 1574 1240 caperet,
1610 1184 1743 1228 inrita

186 1259 259 1300 spe
304 1245 476 1312 agitari3
519 1244 738 1299 multoque
783 1244 922 1300 magis
959 1244 1200 1286 timendum
1235 1259 1289 1286 ne
1325 1244 1372 1286 in
1409 1243 1652 1300 coniugem,
1695 1244 1742 1286 in

114 1316 158 1347 10
183 1304 337 1359 filiam,
374 1304 420 1346 in
457 1307 598 1347 cetera
634 1304 819 1359 pignora
855 1303 945 1346 eius
985 1303 1178 1346 saeviret.
1239 1303 1418 1358 proinde
1451 1303 1741 1359 intemeratus,

185 1364 439 1419 inpollutus,
477 1369 657 1419 quorum
694 1363 888 1418 vestigiis
927 1364 970 1404 et
1007 1362 1161 1404 studiis
1199 1363 1332 1404 vitam
1369 1361 1555 1418 duxerit,
1593 1377 1741 1406 eorum

185 1422 326 1478 gloria
363 1425 528 1478 peteret
564 1423 703 1464 finem.

766 1422 915 1464 aderat
952 1421 1131 1464 consilio
1162 1421 1366 1464 Rusticus
1397 1421 1630 1476 Arulenus,
1667 1421 1742 1465 fla-

184 1494 316 1536 grans
360 1482 543 1536 iuvenis,
587 1483 629 1523 et
666 1481 866 1536 cupidine
902 1480 1042 1524 laudis
1080 1480 1287 1523 offerebat
1323 1495 1369 1522 se
1406 1481 1742 1524 intercessurum

182 1543 357 1583 senatus
396 1541 609 1596 consult03
647 1555 750 1582 nam
786 1540 902 1595 plebi
939 1540 1138 1582 tribunus
1175 1541 1278 1582 erat.
1339 1539 1533 1582 cohibuit
1564 1539 1739 1595 spiritus

230 1667 292 1704 25.
333 1672 363 1705 5.
397 1669 622 1704 circumdare
651 1668 690 1703 in
718 1668 926 1712 tropischer

183 1717 402 1762 Bedeutung
431 1716 500 1751 wie
530 1719 588 1759 14,
612 1719 654 1751 15
682 1716 769 1760 plus
801 1716 926 1751 libidi-

181 1775 271 1800 num
289 1764 533 1799 circumdedit.
563 1767 607 1798 53
626 1763 785 1808 qratiam
806 1784 848 1788 —
864 1774 926 1808 pe-

182 1812 341 1847 cuniam.
370 1811 455 1846 hist.
477 1814 510 1855 4,
531 1814 574 1845 45
595 1811 788 1855 planetum
813 1814 845 1845 et
871 1811 925 1846 la—

182 1862 302 1894 menta
350 1862 383 1893 et
427 1868 676 1903 supremorum
719 1858 925 1903 imaqinem,

182 1905 259 1941 und
284 1905 390 1942 oster.

231 1969 263 2001 8.
295 1966 460 2000 insistere
492 1965 585 2000 statt
610 1967 776 2009 perstare
805 1965 847 1999 in
876 1975 925 2008 re,

183 2013 253 2047 wie
274 2016 307 2055 2,
321 2016 364 2047 21
385 2013 591 2048 insisterent
610 2012 789 2047 caedibus.
819 2015 852 2057 4,
869 2016 924 2049 60.

182 2059 269 2095 hist.
296 2063 334 2105 2,
355 2063 400 2095 46
426 2060 519 2105 spei,
537 2059 621 2094 'und
647 2059 754 2095 oster.

231 2123 263 2154 9.
289 2120 450 2164 ignavia.
477 2118 562 2164 Vgl.
577 2118 646 2162 ΚΡ.
663 2122 705 2154 16
723 2121 796 2154 tam
809 2119 925 2165 seyni—

179 2169 236 2202 ter
256 2170 454 2211 pereuntes.

230 2261 292 2297 26.
311 2266 340 2297 1.
354 2261 490 2304 domui,
505 2261 590 2296 sehr
604 2260 744 2296 seltene
754 2260 924 2296 Schreib-

181 2311 243 2345 art
268 2309 362 2344 statt
385 2308 491 2344 domi.

230 2371 262 2403 4.
301 2378 432 2403 manus
467 2366 684 2403 bezeichnet
719 2367 771 2402 im
809 2367 923 2412 allge-

182 2415 329 2451 meinen
342 2414 655 2460 Thatlichkeiten,
675 2414 745 2451 wie
762 2414 921 2459 Drohen,

181 2461 403 2508 Angreifen,
430 2462 635 2498 Schiitteln.

230 2526 263 2556 5.
301 2522 479 2567 inqesturi
515 2521 590 2556 sint
625 2521 676 2557 ist
714 2521 796 2557 eine
833 2521 923 2556 Ver—

180 2569 387 2614 besserung
425 2579 497 2604 von
528 2568 702 2604 Heinsius
735 2570 827 2605 statt
858 2568 923 2604 des

183 2616 438 2651 handschriftl.
465 2616 621 2661 auqusti.

231 2667 262 2698 6.
287 2674 486 2708 perornare
513 2662 618 2707 „eine
644 2662 766 2708 grosse
794 2663 923 2699 Zierde

183 2710 285 2745 sein“
316 2710 433 2745 findet
463 2709 541 2745 sich
571 2722 641 2745 nur
664 2711 760 2746 noch
787 2709 924 2746 einmal

181 2756 234 2792 im
260 2757 310 2803 Sp
312 2757 480 2794 atlatein
526 2757 701 2811 Dagegen
724 2758 826 2794 steht
838 2769 923 2803 per-

182 2809 334 2840 ornatus
360 2805 474 2840 sehon
497 2804 558 2840 bei
584 2803 657 2840 Cic.
681 2805 782 2842 Brut
802 2809 833 2849 ξ.
856 2808 923 2842 158

183 2851 238 2887 als
262 2847 327 2887 ἅπ.
355 2851 421 2898 elo.
448 2852 498 2887 im
524 2851 664 2888 Latein.

1045 1671 1078 1703 8.
1121 1671 1179 1711 ut,
1218 1679 1291 1703 von
1326 1678 1387 1712 spe
1423 1666 1630 1713 abhangig,
1668 1667 1739 1703 wie

998 1715 1207 1798 ῑξιῗιῖηαῖἱο.
1228 1714 1328 1750 Lael.
1354 1717 1383 1757 ξ.
1405 1718 1449 1750 68
1473 1715 1507 1750 si
1530 1725 1627 1759 spem
1650 1715 1737 1759 affe-

1047 1825 1101 1858 10.
1133 1821 1251 1856 Unter
1280 1822 1438 1867 piqnora
1464 1820 1547 1856 sind
1571 1820 1735 1867 sonstige

997 1868 1220 1904 Verwandte
1245 1880 1288 1903 zu
1313 1867 1520 1904 verstehen.
1567 1867 1652 1912 Vgl.
1676 1871 1735 1913 15,

999 1920 1043 1951 36
1063 1917 1236 1961 promima
1255 1916 1428 1961 pignora.
1479 1919 1523 1951 57
1549 1915 1740 1952 carissima

996 1974 1145 1999 suorum
1169 1964 1319 2008 quisque
1338 1964 1545 2008 pignorum.

1047 2026 1102 2058 11.
1145 2022 1217 2057 Mit
1257 2033 1409 2068 quorum
1446 2022 1510 2057 ctt.
1554 2021 1637 2057 sind
1679 2021 1739 2058 die

999 2070 1146 2106 Stoiker
1177 2069 1355 2114 gemeint,
1388 2069 1529 2105 welche
1557 2069 1628 2104 den
1653 2067 1740 2104 frei-

998 2117 1162 2162 willigen
1187 2116 1268 2152 Tod
1299 2116 1513 2169 bedingung
1515 2116 1644 2152 sweise
1672 2127 1736 2162 ge-

998 2165 1194 2207 statteten,
1225 2164 1321 2199 nach
1352 2162 1620 2223 Diog.Laert.
1647 2167 1738 2220 ’1,1,

999 2216 1043 2248 66
1076 2208 1246 2267 ευλόγως
1271 2210 1398 2266 φασὶν
1420 2208 1567 2268 εξάξειν
1601 2207 1739 2246 ἑαυτὸν

997 2259 1062 2294 τοῦ
1098 2259 1180 2307 βίον
1211 2255 1276 2293 τὸν
1285 2254 1429 2316 σοφὸν
1460 2258 1523 2293 καὶ
1549 2254 1643 2316 ὑπὲρ
1668 2269 1738 2293 ποι·

996 2307 1119 2352 τρίδος
1168 2305 1233 2341 καὶ
1274 2301 1372 2350 ὑπὲρ
1415 2306 1534 2363 φίλων
1578 2300 1651 2340 κᾶν
1695 2301 1736 2340 ἐν

997 2351 1222 2411 σκληροτέρᾳ
1247 2352 1401 2410 γένηται
1427 2348 1647 2410 αλγηδόνι
1625 2365 1648 2397 η
1666 2365 1735 2398 πη·

996 2398 1151 2447 ριόσεσιν
1176 2397 1199 2446 ἢ
1226 2397 1351 2440 νόσοις
1375 2396 1553 2441 ἀνιάτοις.

1045 2464 1098 2496 12.
1132 2459 1314 2495 Arulenus
1339 2458 1530 2503 Rusticus,
1555 2457 1607 2493 im
1631 2457 1664 2494 J.
1691 2461 1735 2494 69

995 2509 1142 2551 Frater,
1187 2505 1290 2542 ward
1333 2517 1407 2542 von
1443 2504 1631 2541 Domitian
1673 2515 1737 2550 ge-

995 2556 1109 2599 meet,
1152 2553 1237 2589 weil
1277 2565 1317 2589 er
1354 2553 1425 2588 den
1459 2552 1623 2588 Thrasea
1658 2551 1736 2588 und

995 2583 1188 2639 Helvi’djus
1217 2600 1363 2636 Priscus
1394 2600 1433 2635 in
1465 2599 1566 2636 einer
1595 2598 1736 2634 Schrift

995 2650 1125 2696 gelobt
1160 2648 1236 2684 und
1273 2647 1325 2683 sie
1362 2647 1605 2683 sanctissimos
1637 2647 1736 2682 viros

996 2697 1160 2743 genannt
1183 2696 1299 2732 hatte.
1349 2694 1448 2730 Suet.
1477 2694 1580 2728 Dom.
1608 2697 1662 2729 10.
1688 2713 1735 2720 —-

997 2744 1080 2780 Wie
1105 2745 1269 2789 tlaqrans
1293 2743 1388 2778 ohne
1407 2739 1559 2776 Ablativ
1583 2751 1627 2775 zu
1651 2751 1734 2776 ver-

996 2791 1125 2828 stehen
1149 2791 1210 2834 ist,
1234 2789 1333 2835 zeigt
1355 2789 1430 2824 erst
1447 2788 1512 2823 das
1531 2787 1733 2834 Folgende.

1044 2854 1099 2887 14
1133 2848 1207 2886 Der
1231 2847 1342 2884 Dativ
1371 2847 1468 2893 plebi
1491 2846 1542 2883 ist
1566 2846 1671 2883 nicht
1693 2845 1736 2883 in
