1786 3112
556 114 703 151 LIBER
725 114 824 151 x111.
870 115 972 151 CAP.
1000 117 1150 151 13—15.
1586 116 1641 159 87

73 225 248 268 auribus
280 224 497 267 abstinere
529 239 614 280 quo
646 224 787 267 minus
817 224 1061 278 testaretur,
1093 221 1287 265 adultum
1318 223 1405 265 iam
1431 238 1523 267 esse
1549 224 1642 268 Bri-

71 285 309 339 tannicum,
355 298 501 327 veram
544 284 803 340 dignamque
847 282 1026 338 stirpem
1070 281 1340 337 suscipiendo
1383 283 1521 338 patris
1565 284 1642 326 im·
1670 296 1715 327 10

72 343 209 399 perio,
247 344 361 399 quod
398 344 555 386 insitus
586 345 630 385 et
660 342 886 398 adoptivus
917 356 992 397 per
1022 341 1200 384 iniurias
1232 341 1383 384 matris
1418 346 1641 386 exerceret.

71 417 159 446 non
197 403 386 446 abnuere
423 417 468 445 se
506 403 610 458 quin
640 405 795 445 cuncta
825 401 1012 443 infelicis
1045 401 1198 443 domus
1229 401 1345 444 mala
1375 402 1641 458 patefierent,

71 477 173 505 suae
204 463 249 506 in
280 463 428 518 primis
459 462 648 517 nuptiae,
680 476 804 504 suum
835 461 1103 504 veneficium:
1138 460 1182 502 id
1213 461 1353 503 solum
1385 461 1450 504 dis
1481 464 1526 504 et
1557 463 1641 505 sibi

70 522 291 576 provisum
327 521 440 577 quod
476 521 638 563 viveret
674 521 908 577 privignus.
965 521 1125 563 ituram
1163 535 1259 563 cum
1297 521 1370 564 illo
1403 521 1448 563 in
1479 524 1640 576 castra3

70 581 291 623 audiretur
319 581 420 623 hinc
447 579 692 623 Germanici
721 580 823 636 filia,
854 580 954 622 inde
978 580 1078 622 vilis
1106 595 1254 622 rursus
1280 579 1443 623 Burrus
1469 583 1512 623 et
1537 582 1637 624 exul
1666 592 1710 624 15

71 639 243 695 Seneca,
273 643 426 682 trunca
458 640 624 683 scilicet
653 654 786 682 manu
817 642 860 682 et
889 639 1151 695 professoria
1181 640 1333 696 lingua
1364 641 1533 696 generis
1559 641 1640 684 hu-

70 700 188 741 mani
217 699 410 755 regimen
442 700 776 755 expostulantes.
832 699 961 742 simul
985 699 1207 742 intendere
1232 714 1400 755 manus,
1433 700 1638 757 adgerere

68 759 244 814 probra,
282 761 579 802 consecratum
611 757 855 815 Claudium,
892 758 1085 802 infernos
1118 758 1362 802 Silanorum
1394 774 1542 803 manes
1574 761 1639 802 in·

67 832 221 861 vocare
252 820 296 860 et
324 820 392 861 tot
420 819 551 861 inrita
582 818 787 861 facinora.

168 877 403 920 vTurbatus
435 878 503 920 his
533 877 650 920 Nero
684 880 726 920 et
756 877 998 933 propinquo
1032 878 1117 934 die,
1157 892 1241 933 quo
1281 880 1482 934 quartum
1513 878 1635 922 decu·
1655 879 1710 922 15

67 951 186 979 mum
212 938 368 979 aetatis
394 952 555 979 annum
577 937 854 980 Britannicus
881 938 1093 993 explebat,
1118 938 1312 980 volutare
1339 952 1484 980 secum
1510 939 1638 982 modo

66 997 218 1039 matris
255 997 525 1052 violentiam,
563 996 691 1039 modo
728 997 862 1052 ipsius
899 996 1105 1052 indolem,
1141 997 1226 1039 levi
1263 997 1436 1053 quidem
1475 998 1639 1054 experi-

66 1058 210 1098 mento
248 1070 386 1112 nuper
423 1056 666 1111 cognitam,
704 1071 788 1111 quo
818 1058 964 1098 tamen
996 1056 1189 1099 favorem
1220 1057 1308 1099 late
1340 1057 1638 1113 quaesivisset.

65 1115 188 1158 festis
215 1113 401 1158 Saturno
433 1115 582 1158 diebus
613 1116 727 1157 inter
758 1116 845 1158 alia
869 1116 1114 1171 aequalium
1140 1116 1304 1158 ludicra
1330 1130 1512 1172 regnum
1537 1117 1636 1160 lusu
1663 1129 1685 1161 5

65 1174 338 1217 sortientium
381 1177 581 1218 evenerat
624 1189 673 1217 88
717 1189 809 1217 8018
847 1174 1023 1218 Neroni.

1089 1175 1225 1232 igitur
1268 1176 1419 1218 ceteris
1466 1176 1638 1220 diversa

64 1247 144 1276 nec
180 1234 382 1276 ruborem
419 1234 633 1277 adlatura:
677 1234 753 1276 ubi
789 1233 1039 1277 Britannico
1077 1234 1206 1277 iussit
1250 1238 1498 1291 exsurgeret
1539 1251 1639 1291 pro—

112 1391 144 1422 9.
184 1397 254 1432 quo
290 1388 412 1422 minus
450 1387 543 1422 statt
578 1387 670 1432 quin
707 1387 811 1431 (oder

63 1435 159 1470 statt
194 1434 269 1479 sed)
300 1434 371 1470 wie
407 1438 443 1479 1³,
476 1437 520 1469 21
552 1434 648 1469 nihil
679 1435 813 1480 reliqui

62 1482 211 1525 faciunt
251 1492 321 1527 quo
356 1482 479 1517 minus
514 1482 695 1517 invidiam
726 1493 811 1527 per-

62 1532 253 1566 moverent.
306 1533 368 1573 14,
394 1533 439 1564 39
464 1540 530 1565 nec
553 1530 671 1573 defuit
697 1529 811 1576 Poly-

63 1577 172 1612 clitus
197 1587 273 1622 quo
297 1578 421 1612 minus
446 1597 491 1602 --
517 1577 692 1613 terribilis
716 1578 811 1613 ince-

63 1625 170 1660 deret.
217 1623 251 1659 S.
279 1623 376 1662 Einl.
403 1627 434 1666 ἓ.
456 1627 512 1660 99.

112 1676 168 1707 12.
193 1682 269 1707 non
293 1672 452 1707 abnuere
475 1672 566 1717 quin
583 1672 634 1707 ist
653 1668 717 1708 ἅπ.
739 1672 807 1718 εἰρ.

62 1718 169 1755 Βο811
193 1719 268 1764 vgl.
293 1730 369 1755 non
386 1730 519 1765 neyare
537 1721 628 1764 quin
646 1720 708 1756 bei
726 1720 807 1756 Liv.

60 1770 119 1811 40,
140 1771 196 1802 36.
221 1766 314 1811 Nep.
337 1770 392 1811 10,
411 1770 445 1811 2,
466 1770 499 1803 2.
525 1766 628 1804 Laos.
649 1771 683 1812 3,
705 1771 759 1812 11,
775 1772 806 1804 9.

112 1818 166 1849 14.
198 1814 241 1849 in
278 1817 417 1857 castra,
453 1815 619 1849 niimlioh
650 1827 715 1850 um
747 1815 807 1851 die

61 1861 295 1897 Pratorianer
322 1860 601 1907 aufzuwiegeln.

112 1912 165 1945 15.
204 1909 289 1944 vilis
325 1919 456 1944 rursus
492 1909 688 1952 bedeutet,
726 1909 807 1945 dass

60 1955 198 1991 Burrus
230 1956 329 1991 (181111
354 1955 493 1991 wieder
518 1956 614 1992 ohne
639 1955 808 2001 Einflurs,

59 2003 322 2039 unbedeutend
342 2003 422 2039 sein
434 2003 573 2047 wsirde,
593 2003 664 2039 wie
685 2015 724 2039 er
742 2005 807 2040 das

60 2061 128 2087 vor
157 2050 278 2086 seiner
302 2050 504 2096 Erhebung
529 2051 648 2086 durch
672 2050 807 2098 Agrip-

58 2098 148 2144 pina
177 2098 231 2133 im
254 2098 286 2134 J.
308 2101 352 2133 51
385 2099 427 2142 (s.
456 2102 518 2142 12,
544 2100 604 2142 42)
635 2109 808 2145 gewesen

60 2146 123 2182 sei.
151 2166 196 2171 —
222 2146 317 2181 eaeul.
362 2145 444 2181 Von
469 2149 611 2182 41—49
636 2158 715 2182 war
744 2146 806 2183 Se-

58 2204 151 2230 neca
175 2193 358 2229 verbannt
381 2203 570 2239 gewesen,
603 2194 702 2230 daun
731 2206 806 2230 von

58 2240 268 2325 1Agrippina
298 2240 601 2286 zurfickgerufen.
649 2241 733 2288 Vgl.
760 2254 806 2278 zu

83 2292 181 2371 2i6.
182 2335 431 2380 profe-§scrius
448 2332 544 2372 ist
518 2349 583 2372 απ.
605 2335 672 2382 εἰρ.
677 2336 805 2381 ,(10811

57 2383 175 2419 neunt
192 2383 308 2418 sehon
327 2381 454 2418 Celsus
473 2382 533 2419 die
552 2383 806 2429 Philosophen

57 2430 262 2475 sapientiae
283 2430 512 2475 professores.

108 2482 163 2514 17.
194 2478 473 2523 expostulantes.
525 2478 560 2514 S.
587 2491 631 2513 zu
658 2483 720 2523 12,
746 2483 802 2515 46.

107 2529 163 2561 18.
196 2517 297 2561 Uber
331 2524 381 2560 M.
418 2525 494 2560 und
524 2525 564 2561 L.
599 2525 745 2562 Silanus
777 2540 806 2563 8.

59 2584 104 2607 zu
127 2572 199 2618 ΚΡ.
223 2577 253 2610 1.

107 2623 162 2657 19.
201 2623 235 2656 et
269 2623 322 2656 tot
352 2620 471 2655 inrita
503 2620 675 2663 facinora
707 2622 806 2666 „und

57 2666 139 2702 dass
172 2680 247 2703 nun
272 2667 324 2704 all
348 2667 429 2703 ihre
456 2667 603 2703 Thaten
629 2667 804 2713 (Verbre-

59 2714 170 2759 811811,
203 2715 264 2751 (118
295 2714 349 2750 818
381 2714 467 2750 (18111
491 2715 591 2750 Nero
621 2727 665 2750 zu
690 2715 804 2752 Liebe

57 2742 269 2808 begaiigen)
301 2761 518 2808 vergeblich
544 2761 669 2797 881811“
729 2764 805 2799 Aue

58 2807 144 2843 dem
180 2809 506 2856 voraufgehenden
550 2810 720 2846 invocare
755 2811 806 2846 ist

60 2855 120 2890 8111
141 2856 305 2892 Verbum
329 2857 487 2901 dicendi,
512 2858 611 2893 etwa.
635 2858 804 2902 clamare,

58 2914 103 2937 zu
127 2903 360 2939 entnehmen.

931 1387 993 1423 15.
1022 1391 1052 1422 1.
1078 1378 1179 1423 Uber
1203 1390 1247 1432 et,
1273 1387 1432 1424 welches
1452 1387 1515 1424 die
1535 1388 1636 1425 Kon-

885 1434 1044 1471 cinnitat
1068 1435 1242 1479 verletzt,
1267 1435 1342 1481 vgl.
1369 1447 1412 1470 zu
1439 1436 1512 1481 ΚΡ.
1535 1440 1555 1471 9
1580 1447 1636 1472 re-

884 1486 1018 1518 centem
1055 1483 1175 1528 qloria
1205 1486 1239 1518 et
1268 1483 1510 1519 inclinatione
1542 1495 1636 1529 qua·

884 1530 971 1566 dam
997 1531 1062 1566 ctt.

931 1593 964 1626 2.
1009 1590 1172 1625 volutare
1214 1600 1333 1625 seeum
1374 1591 1471 1626 auch
1507 1595 1547 1636 4,
1590 1595 1633 1627 12

883 1637 982 1673 nach
1004 1636 1126 1682 Virgil
1151 1637 1228 1672 und
1247 1637 1393 1679 Livius;
1418 1639 1521 1674 intra
1546 1640 1628 1674 ani·

881 1696 979 1720 mum
1010 1689 1049 1729 4,
1082 1688 1138 1720 40.
1178 1696 1286 1720 curas
1325 1686 1448 1721 animo
1479 1686 1566 1722 hist.
1600 1690 1633 1730 2,

881 1736 938 1767 49.
980 1732 1047 1768 Bei
1066 1731 1195 1768 Cicero
1214 1745 1284 1767 nur
1303 1732 1460 1768 einmal:
1487 1733 1533 1769 de
1552 1744 1631 1780 rep.

883 1784 915 1824 1,
938 1783 992 1824 17,
1016 1784 1062 1816 28
1087 1780 1183 1815 nihil
1206 1791 1378 1826 umquam
1402 1782 1479 1817 nisi
1502 1783 1633 1827 sempi-

880 1831 1024 1863 ternum
1054 1830 1088 1863 et
1112 1828 1279 1863 divinum
1305 1828 1428 1864 animo
1453 1829 1628 1865 volutare.

929 1901 961 1933 5.
992 1897 1165 1934 Saturno.
1204 1898 1273 1933 Die
1294 1898 1543 1944 Saturnalien,
1563 1910 1632 1936 vor

879 1944 1072 1991 Augustus
1093 1945 1273 1991 eintttgig,
1300 1945 1399 1981 dann
1417 1957 1504 1982 vom
1524 1950 1630 1983 17.—

883 1996 938 2027 19.
964 1992 1169 2028 Dezember
1204 1992 1381 2038 gefeieff,
1420 1993 1629 2031 bestanden

880 2039 970 2123 seitC
964 2040 1050 2075 dem
1062 2039 1235 2086 Anfange
1248 2041 1313 2076 des
1332 2040 1482 2077 fiinften
1496 2042 1629 2079 Jahrh.

880 2099 914 2124 v.
973 2088 1026 2123 111.

929 2151 959 2182 7.
993 2147 1179 2183 adlatura.
1236 2145 1311 2182 Das
1347 2147 1475 2184 hierzu
1513 2149 1630 2195 geho-

878 2194 991 2230 rende
1016 2194 1118 2230 Verb
1148 2195 1258 2230 iussit
1286 2194 1337 2229 ist
1360 2196 1458 2231 nach
1484 2195 1630 2232 dichte-

878 2241 1019 2278 rischer
1047 2242 1170 2278 Weise
1194 2242 1234 2278 in
1259 2242 1332 2277 den
1358 2243 1514 2280 zweiten
1541 2244 1628 2280 Satz

877 2290 1124 2335 verschoben,
1155 2290 1226 2326 wie
1259 2295 1297 2335 6,
1329 2293 1375 2326 28
1405 2291 1502 2327 nihil
1531 2291 1631 2328 hunc

878 2337 1044 2373 amicitia
1081 2337 1229 2381 Seiani,
1272 2337 1335 2374 sed
1378 2338 1545 2382 labefecit
1583 2359 1628 2365 -

879 2385 1074 2420 Macronis
1110 2385 1245 2421 odium.
1308 2377 1472 2421 Α111111811
1509 2390 1549 2429 3,
1582 2390 1627 2422 56

877 2431 1050 2468 Marcum
1086 2433 1215 2468 deinde
1252 2433 1460 2479 Ayrippam
1491 2434 1555 2469 ctt.
1592 2437 1626 2477 4,

877 2483 923 2514 20
949 2491 999 2515 an
1022 2480 1082 2515 sit.
1129 2479 1215 2515 hist.
1244 2483 1277 2524 1,
1303 2484 1347 2516 83
1373 2481 1435 2515 sed
1458 2481 1552 2516 veni.
1579 2501 1624 2506 —

879 2527 1001 2562 iubere
1042 2526 1113 2562 mit
1150 2527 1236 2561 dem
1272 2527 1385 2563 Dativ
1422 2539 1492 2562 nur
1528 2528 1626 2564 noch

878 2574 949 2619 ΚΡ.
974 2577 1020 2609 40
1050 2574 1183 2620 quibus
1213 2575 1371 2610 iusserat
1399 2578 1442 2610 ut
1467 2595 1511 2600 —
1537 2576 1627 2611 resi·

876 2624 1018 2657 sterent.
1070 2625 1103 2666 4,
1130 2625 1173 2656 72
1199 2621 1378 2657 tributum
1401 2622 1452 2657 iis
1475 2622 1628 2659 Drusus

877 2670 1034 2704 iusserat
1069 2670 1129 2714 (=
1154 2669 1421 2714 imperaverat).
1478 2668 1626 2706 Aurser-

878 2716 964 2752 dem
994 2727 1064 2752 nur
1093 2716 1155 2751 bei
1188 2714 1333 2752 Curtius
1363 2716 1441 2752 und
1471 2716 1623 2754 Statius.

877 2763 953 2799 Der
980 2763 1099 2800 blosse
1125 2763 1359 2809 Konjunktiv
1382 2764 1480 2800 nach
1504 2765 1628 2801 iubere

878 2811 975 2846 auch
1005 2812 1041 2847 h.
1069 2816 1101 2855 2,
1128 2815 1173 2846 46
1206 2811 1338 2846 bonum
1368 2811 1512 2848 haberet
1543 2814 1625 2848 ani-

878 2869 976 2893 mum
994 2859 1178 2895 iubebant.
1217 2857 1340 2894 Schon
1358 2858 1411 2894 im
1429 2859 1625 2904 Altlatein,

878 2905 976 2941 doch
1000 2905 1106 2941 nicht
1130 2905 1323 2943 klassisch.
