<?xml version="1.0" encoding="UTF-8"?>
<!DOCTYPE html PUBLIC "-//W3C//DTD XHTML 1.0 Transitional//EN"
    "http://www.w3.org/TR/xhtml1/DTD/xhtml1-transitional.dtd">
<html xmlns="http://www.w3.org/1999/xhtml" xml:lang="en" lang="en">
 <head>
  <title>
</title>
<meta http-equiv="Content-Type" content="text/html;charset=utf-8" />
  <meta name='ocr-system' content='tesseract 3.04.00' />
  <meta name='ocr-capabilities' content='ocr_page ocr_carea ocr_par ocr_line ocrx_word'/>
</head>
<body>
  <div class='ocr_page' id='page_1' title='image "./dieannalen01taciuoft_0068.png"; bbox 0 0 1768 3120; ppageno 0'>
   <div class='ocr_carea' id='block_1_1' title="bbox 81 240 141 284">
    <p class='ocr_par' dir='ltr' id='par_1_1' title="bbox 81 240 141 284">
     <span class='ocr_line' id='line_1_1' title="bbox 81 240 141 284; baseline -0.017 0"><span class='ocrx_word' id='word_1_1' title='bbox 81 240 141 284; x_wconf 91' lang='grc'>22</span> 
     </span>
    </p>
   </div>
   <div class='ocr_carea' id='block_1_2' title="bbox 88 949 149 992">
    <p class='ocr_par' dir='ltr' id='par_1_2' title="bbox 88 949 149 992">
     <span class='ocr_line' id='line_1_2' title="bbox 88 949 149 992; baseline -0.016 0"><span class='ocrx_word' id='word_1_2' title='bbox 88 949 149 992; x_wconf 83' lang='grc'><strong>23</strong></span> 
     </span>
    </p>
   </div>
   <div class='ocr_carea' id='block_1_3' title="bbox 148 130 207 173">
    <p class='ocr_par' dir='ltr' id='par_1_3' title="bbox 148 130 207 173">
     <span class='ocr_line' id='line_1_3' title="bbox 148 130 207 173; baseline 0 0"><span class='ocrx_word' id='word_1_3' title='bbox 148 130 207 173; x_wconf 83' lang='grc'>56</span> 
     </span>
    </p>
   </div>
   <div class='ocr_carea' id='block_1_4' title="bbox 1674 0 1768 99">
    <p class='ocr_par' dir='ltr' id='par_1_4' title="bbox 1674 0 1768 99">
     <span class='ocr_line' id='line_1_4' title="bbox 1674 0 1729 15; baseline -0.036 0"><span class='ocrx_word' id='word_1_4' title='bbox 1674 0 1729 15; x_wconf 42' lang='grc' dir='ltr'>β’·’νὴ</span> 
     </span>
     <span class='ocr_line' id='line_1_5' title="bbox 1762 90 1768 99; baseline 0 0"><span class='ocrx_word' id='word_1_5' title='bbox 1762 90 1768 99; x_wconf 83' lang='grc'><strong>.</strong></span> 
     </span>
    </p>
   </div>
   <div class='ocr_carea' id='block_1_5' title="bbox 581 125 1281 166">
    <p class='ocr_par' dir='ltr' id='par_1_5' title="bbox 581 125 1281 166">
     <span class='ocr_line' id='line_1_6' title="bbox 581 125 1281 166; baseline -0.006 -1"><span class='ocrx_word' id='word_1_6' title='bbox 581 126 812 166; x_wconf 83' lang='lat' dir='ltr'>CORNELII</span> <span class='ocrx_word' id='word_1_7' title='bbox 835 126 998 163; x_wconf 86' lang='lat' dir='ltr'>TACITI</span> <span class='ocrx_word' id='word_1_8' title='bbox 1022 125 1281 163; x_wconf 85' lang='lat' dir='ltr'>ANNALIUM</span> 
     </span>
    </p>
   </div>
   <div class='ocr_carea' id='block_1_6' title="bbox 1744 116 1768 174">
    <p class='ocr_par' dir='ltr' id='par_1_6' title="bbox 1744 116 1768 174">
     <span class='ocr_line' id='line_1_7' title="bbox 1744 116 1768 174; baseline 0 -11"><span class='ocrx_word' id='word_1_9' title='bbox 1744 116 1768 174; x_wconf 59' lang='grc' dir='ltr'><em>β</em></span> 
     </span>
    </p>
   </div>
   <div class='ocr_carea' id='block_1_7' title="bbox 1734 175 1768 202">
    <p class='ocr_par' dir='ltr' id='par_1_7' title="bbox 1734 175 1768 202">
     <span class='ocr_line' id='line_1_8' title="bbox 1734 175 1768 202; baseline 0 -17"><span class='ocrx_word' id='word_1_10' title='bbox 1734 175 1744 202; x_wconf 76' lang='lat' dir='ltr'><strong><em>s</em></strong></span> <span class='ocrx_word' id='word_1_11' title='bbox 1764 175 1768 185; x_wconf 93' lang='lat'>.</span> 
     </span>
    </p>
   </div>
   <div class='ocr_carea' id='block_1_8' title="bbox 95 232 1768 1889">
    <p class='ocr_par' dir='ltr' id='par_1_8' title="bbox 95 232 1768 944">
     <span class='ocr_line' id='line_1_9' title="bbox 277 232 1768 295; baseline -0.003 -14"><span class='ocrx_word' id='word_1_12' title='bbox 277 237 555 295; x_wconf 79' lang='lat' dir='ltr'><strong>Flagrantior</strong></span> <span class='ocrx_word' id='word_1_13' title='bbox 584 236 681 279; x_wconf 93' lang='lat' dir='ltr'>inde</span> <span class='ocrx_word' id='word_1_14' title='bbox 712 237 790 288; x_wconf 86' lang='lat' dir='ltr'>vis,</span> <span class='ocrx_word' id='word_1_15' title='bbox 820 235 965 291; x_wconf 90' lang='lat' dir='ltr'>plures</span> <span class='ocrx_word' id='word_1_16' title='bbox 991 234 1191 277; x_wconf 74' lang='lat' dir='ltr'>seditioni</span> <span class='ocrx_word' id='word_1_17' title='bbox 1217 233 1355 277; x_wconf 89' lang='lat' dir='ltr'>duces.</span> <span class='ocrx_word' id='word_1_18' title='bbox 1405 236 1448 276; x_wconf 89' lang='lat' dir='ltr'>et</span> <span class='ocrx_word' id='word_1_19' title='bbox 1474 233 1717 292; x_wconf 65' lang='lat' dir='ltr'>Vibulenus</span> <span class='ocrx_word' id='word_1_20' title='bbox 1765 232 1768 234; x_wconf 72' lang='grc'><strong>’</strong></span> 
     </span>
     <span class='ocr_line' id='line_1_10' title="bbox 156 293 1711 355; baseline -0.003 -14"><span class='ocrx_word' id='word_1_21' title='bbox 156 297 330 355; x_wconf 90' lang='lat' dir='ltr'>quidam</span> <span class='ocrx_word' id='word_1_22' title='bbox 363 297 583 354; x_wconf 87' lang='lat' dir='ltr'>gregarius</span> <span class='ocrx_word' id='word_1_23' title='bbox 615 296 750 347; x_wconf 85' lang='lat' dir='ltr'>miles,</span> <span class='ocrx_word' id='word_1_24' title='bbox 782 299 879 338; x_wconf 85' lang='lat' dir='ltr'>ante</span> <span class='ocrx_word' id='word_1_25' title='bbox 909 293 1099 337; x_wconf 87' lang='lat' dir='ltr'>tribunal</span> <span class='ocrx_word' id='word_1_26' title='bbox 1126 293 1272 336; x_wconf 81' lang='lat' dir='ltr'>Blaesi</span> <span class='ocrx_word' id='word_1_27' title='bbox 1297 293 1507 336; x_wconf 75' lang='lat' dir='ltr'>allevatus</span> <span class='ocrx_word' id='word_1_28' title='bbox 1533 293 1711 341; x_wconf 57' lang='lat' dir='ltr'>circuml-</span> 
     </span>
     <span class='ocr_line' id='line_1_11' title="bbox 157 351 1708 411; baseline -0.004 -11"><span class='ocrx_word' id='word_1_29' title='bbox 157 357 368 400; x_wconf 87' lang='lat' dir='ltr'>stantium</span> <span class='ocrx_word' id='word_1_30' title='bbox 398 356 576 410; x_wconf 90' lang='lat' dir='ltr'>umeris,</span> <span class='ocrx_word' id='word_1_31' title='bbox 614 355 727 411; x_wconf 89' lang='lat' dir='ltr'>apud</span> <span class='ocrx_word' id='word_1_32' title='bbox 756 354 956 397; x_wconf 85' lang='lat' dir='ltr'>turbatos</span> <span class='ocrx_word' id='word_1_33' title='bbox 988 356 1032 395; x_wconf 92' lang='lat' dir='ltr'>et</span> <span class='ocrx_word' id='word_1_34' title='bbox 1062 352 1163 408; x_wconf 91' lang='lat' dir='ltr'>quid</span> <span class='ocrx_word' id='word_1_35' title='bbox 1194 354 1368 407; x_wconf 88' lang='lat' dir='ltr'>pararet</span> <span class='ocrx_word' id='word_1_36' title='bbox 1398 353 1587 395; x_wconf 86' lang='lat' dir='ltr'>intentos</span> <span class='ocrx_word' id='word_1_37' title='bbox 1619 351 1708 395; x_wconf 74' lang='lat' dir='ltr'>‘vos</span> 
     </span>
     <span class='ocr_line' id='line_1_12' title="bbox 158 410 1710 472; baseline -0.004 -13"><span class='ocrx_word' id='word_1_38' title='bbox 158 415 345 472; x_wconf 85' lang='lat' dir='ltr'>quidem&#39;</span> <span class='ocrx_word' id='word_1_39' title='bbox 377 415 519 470; x_wconf 90' lang='lat' dir='ltr'>inquit</span> <span class='ocrx_word' id='word_1_40' title='bbox 550 414 632 457; x_wconf 74' lang='lat' dir='ltr'>‘his</span> <span class='ocrx_word' id='word_1_41' title='bbox 663 413 963 456; x_wconf 77' lang='lat' dir='ltr'>innocentibus</span> <span class='ocrx_word' id='word_1_42' title='bbox 996 415 1039 454; x_wconf 92' lang='lat' dir='ltr'>et</span> <span class='ocrx_word' id='word_1_43' title='bbox 1070 411 1321 454; x_wconf 84' lang='lat' dir='ltr'>miserrimis</span> <span class='ocrx_word' id='word_1_44' title='bbox 1352 411 1491 454; x_wconf 91' lang='lat' dir='ltr'>lucem</span> <span class='ocrx_word' id='word_1_45' title='bbox 1518 414 1561 454; x_wconf 90' lang='lat' dir='ltr'>et</span> <span class='ocrx_word' id='word_1_46' title='bbox 1586 410 1710 467; x_wconf 85' lang='lat' dir='ltr'>spiri-</span> 
     </span>
     <span class='ocr_line' id='line_1_13' title="bbox 108 468 1715 529; baseline -0.004 -10"><span class='ocrx_word' id='word_1_47' title='bbox 108 489 133 520; x_wconf 70' lang='grc'>5</span> <span class='ocrx_word' id='word_1_48' title='bbox 159 481 253 519; x_wconf 81' lang='lat' dir='ltr'>tum</span> <span class='ocrx_word' id='word_1_49' title='bbox 283 474 547 529; x_wconf 82' lang='lat' dir='ltr'>reddidistis3</span> <span class='ocrx_word' id='word_1_50' title='bbox 580 473 652 515; x_wconf 88' lang='lat' dir='ltr'>sed</span> <span class='ocrx_word' id='word_1_51' title='bbox 684 473 778 528; x_wconf 88' lang='lat' dir='ltr'>quis</span> <span class='ocrx_word' id='word_1_52' title='bbox 810 472 935 515; x_wconf 89' lang='lat' dir='ltr'>fratri</span> <span class='ocrx_word' id='word_1_53' title='bbox 965 485 1060 515; x_wconf 89' lang='lat' dir='ltr'>meo</span> <span class='ocrx_word' id='word_1_54' title='bbox 1092 471 1238 525; x_wconf 87' lang='lat' dir='ltr'>vitam,</span> <span class='ocrx_word' id='word_1_55' title='bbox 1270 470 1365 526; x_wconf 89' lang='lat' dir='ltr'>quis</span> <span class='ocrx_word' id='word_1_56' title='bbox 1396 471 1574 512; x_wconf 85' lang='lat' dir='ltr'>fratrem</span> <span class='ocrx_word' id='word_1_57' title='bbox 1605 468 1715 513; x_wconf 87' lang='lat' dir='ltr'>mihi</span> 
     </span>
     <span class='ocr_line' id='line_1_14' title="bbox 156 529 1711 589; baseline -0.003 -12"><span class='ocrx_word' id='word_1_58' title='bbox 156 534 326 577; x_wconf 80' lang='lat' dir='ltr'>reddit?</span> <span class='ocrx_word' id='word_1_59' title='bbox 387 548 511 589; x_wconf 90' lang='lat' dir='ltr'>quem</span> <span class='ocrx_word' id='word_1_60' title='bbox 550 532 728 575; x_wconf 88' lang='lat' dir='ltr'>missum</span> <span class='ocrx_word' id='word_1_61' title='bbox 760 531 813 573; x_wconf 88' lang='lat' dir='ltr'>ad</span> <span class='ocrx_word' id='word_1_62' title='bbox 845 546 920 574; x_wconf 87' lang='lat' dir='ltr'>vos</span> <span class='ocrx_word' id='word_1_63' title='bbox 953 545 978 572; x_wconf 89' lang='lat' dir='ltr'>a</span> <span class='ocrx_word' id='word_1_64' title='bbox 1011 529 1265 572; x_wconf 87' lang='lat' dir='ltr'>Germanico</span> <span class='ocrx_word' id='word_1_65' title='bbox 1298 530 1487 572; x_wconf 88' lang='lat' dir='ltr'>exercitu</span> <span class='ocrx_word' id='word_1_66' title='bbox 1517 529 1567 572; x_wconf 91' lang='lat' dir='ltr'>de</span> <span class='ocrx_word' id='word_1_67' title='bbox 1599 543 1711 572; x_wconf 82' lang='lat' dir='ltr'>com-</span> 
     </span>
     <span class='ocr_line' id='line_1_15' title="bbox 157 588 1712 645; baseline -0.004 -9"><span class='ocrx_word' id='word_1_68' title='bbox 157 594 359 637; x_wconf 90' lang='lat' dir='ltr'>munibus</span> <span class='ocrx_word' id='word_1_69' title='bbox 399 592 634 635; x_wconf 90' lang='lat' dir='ltr'>commodis</span> <span class='ocrx_word' id='word_1_70' title='bbox 677 593 804 633; x_wconf 90' lang='lat' dir='ltr'>nocte</span> <span class='ocrx_word' id='word_1_71' title='bbox 844 589 1041 645; x_wconf 87' lang='lat' dir='ltr'>proxima</span> <span class='ocrx_word' id='word_1_72' title='bbox 1081 588 1296 645; x_wconf 88' lang='lat' dir='ltr'>iugulavit</span> <span class='ocrx_word' id='word_1_73' title='bbox 1335 603 1412 644; x_wconf 91' lang='lat' dir='ltr'>per</span> <span class='ocrx_word' id='word_1_74' title='bbox 1453 588 1712 644; x_wconf 84' lang='lat' dir='ltr'>gladiatores</span> 
     </span>
     <span class='ocr_line' id='line_1_16' title="bbox 160 645 1716 708; baseline -0.004 -13"><span class='ocrx_word' id='word_1_75' title='bbox 160 667 280 704; x_wconf 81' lang='lat' dir='ltr'>suOS,</span> <span class='ocrx_word' id='word_1_76' title='bbox 320 666 427 708; x_wconf 90' lang='lat' dir='ltr'>quos</span> <span class='ocrx_word' id='word_1_77' title='bbox 459 652 503 693; x_wconf 92' lang='lat' dir='ltr'>in</span> <span class='ocrx_word' id='word_1_78' title='bbox 535 650 711 693; x_wconf 89' lang='lat' dir='ltr'>exitium</span> <span class='ocrx_word' id='word_1_79' title='bbox 742 649 928 692; x_wconf 89' lang='lat' dir='ltr'>militum</span> <span class='ocrx_word' id='word_1_80' title='bbox 959 648 1091 690; x_wconf 90' lang='lat' dir='ltr'>habet</span> <span class='ocrx_word' id='word_1_81' title='bbox 1122 651 1249 703; x_wconf 84' lang='lat' dir='ltr'>atque</span> <span class='ocrx_word' id='word_1_82' title='bbox 1281 649 1430 690; x_wconf 89' lang='lat' dir='ltr'>armat.</span> <span class='ocrx_word' id='word_1_83' title='bbox 1491 645 1716 703; x_wconf 86' lang='lat' dir='ltr'>responde,</span> 
     </span>
     <span class='ocr_line' id='line_1_17' title="bbox 158 706 1714 767; baseline -0.004 -13"><span class='ocrx_word' id='word_1_84' title='bbox 158 712 326 767; x_wconf 89' lang='lat' dir='ltr'>Blaese,</span> <span class='ocrx_word' id='word_1_85' title='bbox 355 711 431 753; x_wconf 90' lang='lat' dir='ltr'>ubi</span> <span class='ocrx_word' id='word_1_86' title='bbox 462 710 642 752; x_wconf 88' lang='lat' dir='ltr'>cadaver</span> <span class='ocrx_word' id='word_1_87' title='bbox 674 708 899 763; x_wconf 70' lang='lat' dir='ltr'>abieceris,</span> <span class='ocrx_word' id='word_1_88' title='bbox 929 722 983 750; x_wconf 90' lang='lat' dir='ltr'>ne</span> <span class='ocrx_word' id='word_1_89' title='bbox 1014 708 1162 750; x_wconf 89' lang='lat' dir='ltr'>hostes</span> <span class='ocrx_word' id='word_1_90' title='bbox 1195 706 1367 762; x_wconf 89' lang='lat' dir='ltr'>quidem</span> <span class='ocrx_word' id='word_1_91' title='bbox 1401 707 1621 762; x_wconf 88' lang='lat' dir='ltr'>sepultura</span> <span class='ocrx_word' id='word_1_92' title='bbox 1650 706 1714 748; x_wconf 89' lang='lat' dir='ltr'>in·</span> 
     </span>
     <span class='ocr_line' id='line_1_18' title="bbox 95 765 1717 823; baseline -0.004 -9"><span class='ocrx_word' id='word_1_93' title='bbox 95 783 140 815; x_wconf 88' lang='lat'>10</span> <span class='ocrx_word' id='word_1_94' title='bbox 170 771 324 814; x_wconf 83' lang='lat' dir='ltr'>vident.</span> <span class='ocrx_word' id='word_1_95' title='bbox 385 784 482 812; x_wconf 89' lang='lat' dir='ltr'>cum</span> <span class='ocrx_word' id='word_1_96' title='bbox 514 769 687 823; x_wconf 90' lang='lat' dir='ltr'>osculis,</span> <span class='ocrx_word' id='word_1_97' title='bbox 724 782 820 810; x_wconf 91' lang='lat' dir='ltr'>cum</span> <span class='ocrx_word' id='word_1_98' title='bbox 850 766 1041 810; x_wconf 83' lang='lat' dir='ltr'>lacrimis</span> <span class='ocrx_word' id='word_1_99' title='bbox 1075 766 1265 808; x_wconf 90' lang='lat' dir='ltr'>dolorem</span> <span class='ocrx_word' id='word_1_100' title='bbox 1295 780 1439 808; x_wconf 91' lang='lat' dir='ltr'>meum</span> <span class='ocrx_word' id='word_1_101' title='bbox 1470 765 1717 822; x_wconf 86' lang='lat' dir='ltr'>implevero,</span> 
     </span>
     <span class='ocr_line' id='line_1_19' title="bbox 160 823 1720 885; baseline -0.004 -13"><span class='ocrx_word' id='word_1_102' title='bbox 160 844 229 872; x_wconf 92' lang='lat' dir='ltr'>me</span> <span class='ocrx_word' id='word_1_103' title='bbox 261 843 430 885; x_wconf 89' lang='lat' dir='ltr'>quoque</span> <span class='ocrx_word' id='word_1_104' title='bbox 461 827 667 871; x_wconf 90' lang='lat' dir='ltr'>trucidari</span> <span class='ocrx_word' id='word_1_105' title='bbox 702 827 820 882; x_wconf 91' lang='lat' dir='ltr'>iube,</span> <span class='ocrx_word' id='word_1_106' title='bbox 857 826 958 868; x_wconf 92' lang='lat' dir='ltr'>dum</span> <span class='ocrx_word' id='word_1_107' title='bbox 995 825 1244 868; x_wconf 87' lang='lat' dir='ltr'>interfectos</span> <span class='ocrx_word' id='word_1_108' title='bbox 1281 825 1448 868; x_wconf 88' lang='lat' dir='ltr'>nullum</span> <span class='ocrx_word' id='word_1_109' title='bbox 1480 825 1534 867; x_wconf 93' lang='lat' dir='ltr'>ob</span> <span class='ocrx_word' id='word_1_110' title='bbox 1567 823 1720 876; x_wconf 88' lang='lat' dir='ltr'>scelus,</span> 
     </span>
     <span class='ocr_line' id='line_1_20' title="bbox 163 882 1551 944; baseline -0.005 -12"><span class='ocrx_word' id='word_1_111' title='bbox 163 889 237 932; x_wconf 89' lang='lat' dir='ltr'>sed</span> <span class='ocrx_word' id='word_1_112' title='bbox 270 888 370 944; x_wconf 86' lang='lat' dir='ltr'>quia</span> <span class='ocrx_word' id='word_1_113' title='bbox 400 887 584 930; x_wconf 71' lang='lat' dir='ltr'>utilitati</span> <span class='ocrx_word' id='word_1_114' title='bbox 615 886 836 942; x_wconf 86' lang='lat' dir='ltr'>legionum</span> <span class='ocrx_word' id='word_1_115' title='bbox 868 885 1206 939; x_wconf 80' lang='lat' dir='ltr'>consulebamus,</span> <span class='ocrx_word' id='word_1_116' title='bbox 1235 883 1283 926; x_wconf 87' lang='lat' dir='ltr'>hi</span> <span class='ocrx_word' id='word_1_117' title='bbox 1314 882 1551 939; x_wconf 90' lang='lat' dir='ltr'>sepeliant.&#39;</span> 
     </span>
    </p>

    <p class='ocr_par' dir='ltr' id='par_1_9' title="bbox 101 942 1730 1889">
     <span class='ocr_line' id='line_1_21' title="bbox 281 942 1719 999; baseline -0.003 -10"><span class='ocrx_word' id='word_1_118' title='bbox 281 946 544 989; x_wconf 87' lang='lat' dir='ltr'>Incendebat</span> <span class='ocrx_word' id='word_1_119' title='bbox 578 946 684 988; x_wconf 87' lang='lat' dir='ltr'>haec</span> <span class='ocrx_word' id='word_1_120' title='bbox 713 944 817 987; x_wconf 85' lang='lat' dir='ltr'>fietu</span> <span class='ocrx_word' id='word_1_121' title='bbox 849 947 892 986; x_wconf 91' lang='lat' dir='ltr'>et</span> <span class='ocrx_word' id='word_1_122' title='bbox 922 946 1072 999; x_wconf 90' lang='lat' dir='ltr'>pectus</span> <span class='ocrx_word' id='word_1_123' title='bbox 1104 946 1231 999; x_wconf 91' lang='lat' dir='ltr'>atque</span> <span class='ocrx_word' id='word_1_124' title='bbox 1262 958 1310 985; x_wconf 91' lang='lat' dir='ltr'>os</span> <span class='ocrx_word' id='word_1_125' title='bbox 1341 943 1539 985; x_wconf 89' lang='lat' dir='ltr'>manibus</span> <span class='ocrx_word' id='word_1_126' title='bbox 1569 942 1719 984; x_wconf 85' lang='lat' dir='ltr'>verbe-</span> 
     </span>
     <span class='ocr_line' id='line_1_22' title="bbox 164 1002 1720 1059; baseline -0.003 -11"><span class='ocrx_word' id='word_1_127' title='bbox 164 1020 278 1048; x_wconf 90' lang='lat' dir='ltr'>rans.</span> <span class='ocrx_word' id='word_1_128' title='bbox 328 1019 429 1048; x_wconf 90' lang='lat' dir='ltr'>mox</span> <span class='ocrx_word' id='word_1_129' title='bbox 456 1004 646 1047; x_wconf 87' lang='lat' dir='ltr'>disiectis</span> <span class='ocrx_word' id='word_1_130' title='bbox 670 1018 852 1059; x_wconf 88' lang='lat' dir='ltr'>quorum</span> <span class='ocrx_word' id='word_1_131' title='bbox 876 1017 953 1058; x_wconf 91' lang='lat' dir='ltr'>per</span> <span class='ocrx_word' id='word_1_132' title='bbox 976 1016 1147 1045; x_wconf 89' lang='lat' dir='ltr'>umeros</span> <span class='ocrx_word' id='word_1_133' title='bbox 1174 1002 1484 1056; x_wconf 82' lang='lat' dir='ltr'>sustinebatur,</span> <span class='ocrx_word' id='word_1_134' title='bbox 1513 1015 1720 1057; x_wconf 86' lang='lat' dir='ltr'>praeceps</span> 
     </span>
     <span class='ocr_line' id='line_1_23' title="bbox 168 1060 1720 1120; baseline -0.004 -12"><span class='ocrx_word' id='word_1_135' title='bbox 168 1068 213 1108; x_wconf 90' lang='lat' dir='ltr'>et</span> <span class='ocrx_word' id='word_1_136' title='bbox 245 1065 514 1120; x_wconf 86' lang='lat' dir='ltr'>singulorum</span> <span class='ocrx_word' id='word_1_137' title='bbox 551 1063 732 1119; x_wconf 88' lang='lat' dir='ltr'>pedibus</span> <span class='ocrx_word' id='word_1_138' title='bbox 765 1062 993 1105; x_wconf 87' lang='lat' dir='ltr'>advolutus</span> <span class='ocrx_word' id='word_1_139' title='bbox 1023 1063 1192 1103; x_wconf 87' lang='lat' dir='ltr'>tantum</span> <span class='ocrx_word' id='word_1_140' title='bbox 1224 1061 1581 1103; x_wconf 87' lang='lat' dir='ltr'>consternationis</span> <span class='ocrx_word' id='word_1_141' title='bbox 1612 1060 1720 1103; x_wconf 85' lang='lat' dir='ltr'>invi-</span> 
     </span>
     <span class='ocr_line' id='line_1_24' title="bbox 166 1119 1721 1180; baseline -0.004 -13"><span class='ocrx_word' id='word_1_142' title='bbox 166 1124 345 1180; x_wconf 89' lang='lat' dir='ltr'>diaeque</span> <span class='ocrx_word' id='word_1_143' title='bbox 383 1123 586 1178; x_wconf 82' lang='lat' dir='ltr'>concivit,</span> <span class='ocrx_word' id='word_1_144' title='bbox 623 1125 673 1164; x_wconf 87' lang='lat' dir='ltr'>ut</span> <span class='ocrx_word' id='word_1_145' title='bbox 707 1137 808 1177; x_wconf 88' lang='lat' dir='ltr'>pars</span> <span class='ocrx_word' id='word_1_146' title='bbox 844 1121 1034 1163; x_wconf 90' lang='lat' dir='ltr'>militum</span> <span class='ocrx_word' id='word_1_147' title='bbox 1072 1120 1333 1176; x_wconf 85' lang='lat' dir='ltr'>gladiatores</span> <span class='ocrx_word' id='word_1_148' title='bbox 1370 1120 1445 1176; x_wconf 88' lang='lat' dir='ltr'>qui</span> <span class='ocrx_word' id='word_1_149' title='bbox 1481 1134 1503 1162; x_wconf 88' lang='lat' dir='ltr'>c</span> <span class='ocrx_word' id='word_1_150' title='bbox 1544 1119 1721 1162; x_wconf 85' lang='lat' dir='ltr'>servitio</span> 
     </span>
     <span class='ocr_line' id='line_1_25' title="bbox 116 1178 1722 1238; baseline -0.001 -16"><span class='ocrx_word' id='word_1_151' title='bbox 116 1191 138 1222; x_wconf 82' lang='lat'>5</span> <span class='ocrx_word' id='word_1_152' title='bbox 164 1182 311 1226; x_wconf 87' lang='lat' dir='ltr'>Blaesi</span> <span class='ocrx_word' id='word_1_153' title='bbox 337 1184 471 1238; x_wconf 89' lang='lat' dir='ltr'>erant,</span> <span class='ocrx_word' id='word_1_154' title='bbox 502 1196 602 1237; x_wconf 77' lang='lat' dir='ltr'>pars</span> <span class='ocrx_word' id='word_1_155' title='bbox 634 1183 819 1223; x_wconf 85' lang='lat' dir='ltr'>ceteram</span> <span class='ocrx_word' id='word_1_156' title='bbox 851 1180 1039 1222; x_wconf 86' lang='lat' dir='ltr'>eiusdem</span> <span class='ocrx_word' id='word_1_157' title='bbox 1069 1179 1277 1221; x_wconf 88' lang='lat' dir='ltr'>familiam</span> <span class='ocrx_word' id='word_1_158' title='bbox 1308 1179 1531 1233; x_wconf 87' lang='lat' dir='ltr'>vincirent,</span> <span class='ocrx_word' id='word_1_159' title='bbox 1562 1178 1636 1220; x_wconf 89' lang='lat' dir='ltr'>alii</span> <span class='ocrx_word' id='word_1_160' title='bbox 1667 1178 1722 1220; x_wconf 87' lang='lat' dir='ltr'>ad</span> 
     </span>
     <span class='ocr_line' id='line_1_26' title="bbox 165 1239 1720 1299; baseline -0.004 -14"><span class='ocrx_word' id='word_1_161' title='bbox 165 1242 455 1299; x_wconf 88' lang='lat' dir='ltr'>quaerendum</span> <span class='ocrx_word' id='word_1_162' title='bbox 493 1255 647 1296; x_wconf 85' lang='lat' dir='ltr'>corpus</span> <span class='ocrx_word' id='word_1_163' title='bbox 690 1239 1023 1282; x_wconf 90' lang='lat' dir='ltr'>effunderentur.</span> <span class='ocrx_word' id='word_1_164' title='bbox 1084 1253 1134 1280; x_wconf 89' lang='lat' dir='ltr'>ac</span> <span class='ocrx_word' id='word_1_165' title='bbox 1170 1239 1216 1280; x_wconf 94' lang='lat' dir='ltr'>ni</span> <span class='ocrx_word' id='word_1_166' title='bbox 1252 1253 1432 1293; x_wconf 88' lang='lat' dir='ltr'>propere</span> <span class='ocrx_word' id='word_1_167' title='bbox 1462 1252 1600 1294; x_wconf 89' lang='lat' dir='ltr'>neque</span> <span class='ocrx_word' id='word_1_168' title='bbox 1631 1251 1720 1280; x_wconf 91' lang='lat' dir='ltr'>cor-</span> 
     </span>
     <span class='ocr_line' id='line_1_27' title="bbox 164 1297 1724 1357; baseline -0.004 -13"><span class='ocrx_word' id='word_1_169' title='bbox 164 1317 246 1357; x_wconf 89' lang='lat' dir='ltr'>pus</span> <span class='ocrx_word' id='word_1_170' title='bbox 277 1301 413 1343; x_wconf 92' lang='lat' dir='ltr'>ullum</span> <span class='ocrx_word' id='word_1_171' title='bbox 445 1300 623 1355; x_wconf 88' lang='lat' dir='ltr'>reperiri</span> <span class='ocrx_word' id='word_1_172' title='bbox 654 1302 698 1341; x_wconf 90' lang='lat' dir='ltr'>et</span> <span class='ocrx_word' id='word_1_173' title='bbox 728 1313 875 1342; x_wconf 87' lang='lat' dir='ltr'>servos</span> <span class='ocrx_word' id='word_1_174' title='bbox 901 1298 1105 1341; x_wconf 86' lang='lat' dir='ltr'>adhibitis</span> <span class='ocrx_word' id='word_1_175' title='bbox 1131 1297 1392 1340; x_wconf 89' lang='lat' dir='ltr'>cruciatibus</span> <span class='ocrx_word' id='word_1_176' title='bbox 1419 1297 1605 1339; x_wconf 86' lang='lat' dir='ltr'>abnuere</span> <span class='ocrx_word' id='word_1_177' title='bbox 1630 1310 1724 1339; x_wconf 85' lang='lat' dir='ltr'>cae-</span> 
     </span>
     <span class='ocr_line' id='line_1_28' title="bbox 166 1355 1725 1416; baseline -0.004 -13"><span class='ocrx_word' id='word_1_178' title='bbox 166 1361 263 1403; x_wconf 90' lang='lat' dir='ltr'>dem</span> <span class='ocrx_word' id='word_1_179' title='bbox 293 1374 431 1416; x_wconf 90' lang='lat' dir='ltr'>neque</span> <span class='ocrx_word' id='word_1_180' title='bbox 463 1359 529 1401; x_wconf 93' lang='lat' dir='ltr'>illi</span> <span class='ocrx_word' id='word_1_181' title='bbox 553 1359 685 1401; x_wconf 84' lang='lat' dir='ltr'>fuisse</span> <span class='ocrx_word' id='word_1_182' title='bbox 710 1373 915 1414; x_wconf 90' lang='lat' dir='ltr'>umquam</span> <span class='ocrx_word' id='word_1_183' title='bbox 940 1357 1119 1399; x_wconf 85' lang='lat' dir='ltr'>fratrem</span> <span class='ocrx_word' id='word_1_184' title='bbox 1145 1356 1445 1412; x_wconf 88' lang='lat' dir='ltr'>pernotuisset,</span> <span class='ocrx_word' id='word_1_185' title='bbox 1475 1355 1591 1398; x_wconf 88' lang='lat' dir='ltr'>haud</span> <span class='ocrx_word' id='word_1_186' title='bbox 1615 1355 1725 1398; x_wconf 91' lang='lat' dir='ltr'>mul-</span> 
     </span>
     <span class='ocr_line' id='line_1_29' title="bbox 165 1414 1725 1474; baseline -0.004 -12"><span class='ocrx_word' id='word_1_187' title='bbox 165 1423 259 1462; x_wconf 90' lang='lat' dir='ltr'>tum</span> <span class='ocrx_word' id='word_1_188' title='bbox 298 1419 352 1462; x_wconf 89' lang='lat' dir='ltr'>ab</span> <span class='ocrx_word' id='word_1_189' title='bbox 391 1419 520 1461; x_wconf 88' lang='lat' dir='ltr'>exitio</span> <span class='ocrx_word' id='word_1_190' title='bbox 557 1418 692 1474; x_wconf 86' lang='lat' dir='ltr'>legati</span> <span class='ocrx_word' id='word_1_191' title='bbox 723 1418 912 1460; x_wconf 90' lang='lat' dir='ltr'>aberant.</span> <span class='ocrx_word' id='word_1_192' title='bbox 972 1416 1172 1459; x_wconf 90' lang='lat' dir='ltr'>tribunos</span> <span class='ocrx_word' id='word_1_193' title='bbox 1203 1418 1349 1458; x_wconf 89' lang='lat' dir='ltr'>tamen</span> <span class='ocrx_word' id='word_1_194' title='bbox 1381 1429 1430 1458; x_wconf 88' lang='lat' dir='ltr'>ac</span> <span class='ocrx_word' id='word_1_195' title='bbox 1460 1414 1725 1472; x_wconf 84' lang='lat' dir='ltr'>praefectum</span> 
     </span>
     <span class='ocr_line' id='line_1_30' title="bbox 101 1473 1727 1532; baseline -0.003 -12"><span class='ocrx_word' id='word_1_196' title='bbox 101 1487 147 1520; x_wconf 90' lang='lat'>10</span> <span class='ocrx_word' id='word_1_197' title='bbox 173 1480 412 1521; x_wconf 87' lang='lat' dir='ltr'>castrorum</span> <span class='ocrx_word' id='word_1_198' title='bbox 444 1479 672 1532; x_wconf 86' lang='lat' dir='ltr'>extrusere,</span> <span class='ocrx_word' id='word_1_199' title='bbox 704 1476 895 1519; x_wconf 88' lang='lat' dir='ltr'>sarcinae</span> <span class='ocrx_word' id='word_1_200' title='bbox 924 1475 1183 1531; x_wconf 86' lang='lat' dir='ltr'>fugientium</span> <span class='ocrx_word' id='word_1_201' title='bbox 1215 1474 1426 1530; x_wconf 81' lang='lat' dir='ltr'>direptae,</span> <span class='ocrx_word' id='word_1_202' title='bbox 1458 1477 1501 1516; x_wconf 91' lang='lat' dir='ltr'>et</span> <span class='ocrx_word' id='word_1_203' title='bbox 1531 1473 1727 1517; x_wconf 88' lang='lat' dir='ltr'>centurio</span> 
     </span>
     <span class='ocr_line' id='line_1_31' title="bbox 171 1528 1726 1591; baseline -0.004 -11"><span class='ocrx_word' id='word_1_204' title='bbox 171 1538 361 1580; x_wconf 89' lang='lat' dir='ltr'>Lucilius</span> <span class='ocrx_word' id='word_1_205' title='bbox 397 1537 670 1591; x_wconf 87' lang='lat' dir='ltr'>interficitur,</span> <span class='ocrx_word' id='word_1_206' title='bbox 707 1536 774 1578; x_wconf 92' lang='lat' dir='ltr'>cui</span> <span class='ocrx_word' id='word_1_207' title='bbox 811 1535 1072 1577; x_wconf 88' lang='lat' dir='ltr'>militaribus</span> <span class='ocrx_word' id='word_1_208' title='bbox 1109 1533 1276 1576; x_wconf 86' lang='lat' dir='ltr'>facetiis</span> <span class='ocrx_word' id='word_1_209' title='bbox 1313 1533 1568 1576; x_wconf 85' lang='lat' dir='ltr'>vocabulum</span> <span class='ocrx_word' id='word_1_210' title='bbox 1605 1528 1726 1575; x_wconf 72' lang='lat' dir='ltr'>‘cedo</span> 
     </span>
     <span class='ocr_line' id='line_1_32' title="bbox 171 1592 1726 1651; baseline -0.003 -12"><span class='ocrx_word' id='word_1_211' title='bbox 171 1595 367 1639; x_wconf 85' lang='lat' dir='ltr'>alteram&#39;</span> <span class='ocrx_word' id='word_1_212' title='bbox 406 1595 665 1649; x_wconf 88' lang='lat' dir='ltr'>indiderant,</span> <span class='ocrx_word' id='word_1_213' title='bbox 703 1594 804 1651; x_wconf 90' lang='lat' dir='ltr'>quia</span> <span class='ocrx_word' id='word_1_214' title='bbox 840 1594 977 1636; x_wconf 88' lang='lat' dir='ltr'>fracta</span> <span class='ocrx_word' id='word_1_215' title='bbox 1014 1594 1101 1636; x_wconf 86' lang='lat' dir='ltr'>vite</span> <span class='ocrx_word' id='word_1_216' title='bbox 1132 1593 1175 1635; x_wconf 89' lang='lat' dir='ltr'>in</span> <span class='ocrx_word' id='word_1_217' title='bbox 1206 1595 1330 1648; x_wconf 87' lang='lat' dir='ltr'>tergo</span> <span class='ocrx_word' id='word_1_218' title='bbox 1362 1592 1515 1634; x_wconf 90' lang='lat' dir='ltr'>militis</span> <span class='ocrx_word' id='word_1_219' title='bbox 1546 1592 1726 1635; x_wconf 86' lang='lat' dir='ltr'>alteram</span> 
     </span>
     <span class='ocr_line' id='line_1_33' title="bbox 171 1651 1729 1708; baseline -0.004 -9"><span class='ocrx_word' id='word_1_220' title='bbox 171 1657 290 1699; x_wconf 91' lang='lat' dir='ltr'>clara</span> <span class='ocrx_word' id='word_1_221' title='bbox 320 1669 424 1698; x_wconf 87' lang='lat' dir='ltr'>voce</span> <span class='ocrx_word' id='word_1_222' title='bbox 457 1669 506 1697; x_wconf 90' lang='lat' dir='ltr'>ac</span> <span class='ocrx_word' id='word_1_223' title='bbox 535 1669 683 1696; x_wconf 88' lang='lat' dir='ltr'>rursus</span> <span class='ocrx_word' id='word_1_224' title='bbox 717 1654 848 1696; x_wconf 90' lang='lat' dir='ltr'>aliam</span> <span class='ocrx_word' id='word_1_225' title='bbox 879 1653 1095 1708; x_wconf 90' lang='lat' dir='ltr'>poscebat.</span> <span class='ocrx_word' id='word_1_226' title='bbox 1151 1654 1314 1694; x_wconf 90' lang='lat' dir='ltr'>ceteros</span> <span class='ocrx_word' id='word_1_227' title='bbox 1346 1651 1538 1694; x_wconf 87' lang='lat' dir='ltr'>latebrae</span> <span class='ocrx_word' id='word_1_228' title='bbox 1569 1653 1729 1706; x_wconf 84' lang='lat' dir='ltr'>texere,</span> 
     </span>
     <span class='ocr_line' id='line_1_34' title="bbox 172 1710 1730 1767; baseline -0.004 -10"><span class='ocrx_word' id='word_1_229' title='bbox 172 1730 259 1758; x_wconf 91' lang='lat' dir='ltr'>uno</span> <span class='ocrx_word' id='word_1_230' title='bbox 291 1716 460 1756; x_wconf 89' lang='lat' dir='ltr'>retento</span> <span class='ocrx_word' id='word_1_231' title='bbox 493 1712 714 1756; x_wconf 83' lang='lat' dir='ltr'>Clemente</span> <span class='ocrx_word' id='word_1_232' title='bbox 745 1712 870 1767; x_wconf 88' lang='lat' dir='ltr'>Iulio,</span> <span class='ocrx_word' id='word_1_233' title='bbox 900 1712 973 1767; x_wconf 91' lang='lat' dir='ltr'>qui</span> <span class='ocrx_word' id='word_1_234' title='bbox 1002 1711 1265 1767; x_wconf 88' lang='lat' dir='ltr'>perferendis</span> <span class='ocrx_word' id='word_1_235' title='bbox 1297 1711 1482 1752; x_wconf 85' lang='lat' dir='ltr'>militum</span> <span class='ocrx_word' id='word_1_236' title='bbox 1513 1710 1730 1752; x_wconf 85' lang='lat' dir='ltr'>mandatis</span> 
     </span>
     <span class='ocr_line' id='line_1_35' title="bbox 173 1769 1730 1827; baseline -0.004 -10"><span class='ocrx_word' id='word_1_237' title='bbox 173 1774 416 1817; x_wconf 88' lang='lat' dir='ltr'>habebatur</span> <span class='ocrx_word' id='word_1_238' title='bbox 446 1773 624 1815; x_wconf 91' lang='lat' dir='ltr'>idoneus</span> <span class='ocrx_word' id='word_1_239' title='bbox 657 1773 710 1815; x_wconf 92' lang='lat' dir='ltr'>ob</span> <span class='ocrx_word' id='word_1_240' title='bbox 741 1774 989 1827; x_wconf 89' lang='lat' dir='ltr'>promptum</span> <span class='ocrx_word' id='word_1_241' title='bbox 1020 1770 1254 1826; x_wconf 87' lang='lat' dir='ltr'>ingenium.</span> <span class='ocrx_word' id='word_1_242' title='bbox 1315 1770 1419 1825; x_wconf 89' lang='lat' dir='ltr'>quin</span> <span class='ocrx_word' id='word_1_243' title='bbox 1456 1769 1578 1824; x_wconf 89' lang='lat' dir='ltr'>ipsae</span> <span class='ocrx_word' id='word_1_244' title='bbox 1614 1769 1730 1811; x_wconf 88' lang='lat' dir='ltr'>inter</span> 
     </span>
     <span class='ocr_line' id='line_1_36' title="bbox 174 1828 1728 1889; baseline -0.005 -13"><span class='ocrx_word' id='word_1_245' title='bbox 174 1848 228 1879; x_wconf 77' lang='lat' dir='ltr'>se.</span> <span class='ocrx_word' id='word_1_246' title='bbox 255 1833 447 1889; x_wconf 85' lang='lat' dir='ltr'>legiones</span> <span class='ocrx_word' id='word_1_247' title='bbox 487 1836 640 1874; x_wconf 85' lang='lat' dir='ltr'>octava</span> <span class='ocrx_word' id='word_1_248' title='bbox 678 1834 721 1873; x_wconf 88' lang='lat' dir='ltr'>et</span> <span class='ocrx_word' id='word_1_249' title='bbox 759 1831 908 1886; x_wconf 90' lang='lat' dir='ltr'>quinta</span> <span class='ocrx_word' id='word_1_250' title='bbox 944 1830 1121 1872; x_wconf 89' lang='lat' dir='ltr'>decuma</span> <span class='ocrx_word' id='word_1_251' title='bbox 1157 1829 1318 1871; x_wconf 89' lang='lat' dir='ltr'>ferrum</span> <span class='ocrx_word' id='word_1_252' title='bbox 1356 1829 1586 1884; x_wconf 88' lang='lat' dir='ltr'>parabant,</span> <span class='ocrx_word' id='word_1_253' title='bbox 1626 1828 1728 1870; x_wconf 90' lang='lat' dir='ltr'>dum</span> 
     </span>
    </p>
   </div>
   <div class='ocr_carea' id='block_1_9' title="bbox 171 1957 923 2948">
    <p class='ocr_par' dir='ltr' id='par_1_10' title="bbox 171 1957 918 2234">
     <span class='ocr_line' id='line_1_37' title="bbox 220 1957 916 2005; baseline -0.006 -8"><span class='ocrx_word' id='word_1_254' title='bbox 220 1961 283 1997; x_wconf 90' lang='grc'>22.</span> <span class='ocrx_word' id='word_1_255' title='bbox 319 1965 350 1996; x_wconf 89' lang='grc'>1.</span> <span class='ocrx_word' id='word_1_256' title='bbox 382 1960 553 1996; x_wconf 74' lang='lat' dir='ltr'>seditioni</span> <span class='ocrx_word' id='word_1_257' title='bbox 577 1960 693 1995; x_wconf 78' lang='lat' dir='ltr'>duces.</span> <span class='ocrx_word' id='word_1_258' title='bbox 738 1958 823 2005; x_wconf 79' lang='lat' dir='ltr'>Vgl.</span> <span class='ocrx_word' id='word_1_259' title='bbox 843 1957 916 1994; x_wconf 88' lang='lat' dir='ltr'>Cic.</span> 
     </span>
     <span class='ocr_line' id='line_1_38' title="bbox 175 2006 918 2052; baseline -0.005 -8"><span class='ocrx_word' id='word_1_260' title='bbox 175 2006 283 2044; x_wconf 87' lang='lat' dir='ltr'>Catil.</span> <span class='ocrx_word' id='word_1_261' title='bbox 304 2012 337 2052; x_wconf 88' lang='grc'><strong>2,</strong></span> <span class='ocrx_word' id='word_1_262' title='bbox 358 2011 378 2043; x_wconf 85' lang='grc'>5</span> <span class='ocrx_word' id='word_1_263' title='bbox 405 2008 491 2043; x_wconf 71' lang='lat' dir='ltr'>Imic</span> <span class='ocrx_word' id='word_1_264' title='bbox 515 2018 577 2052; x_wconf 73' lang='lat' dir='ltr'>eqo</span> <span class='ocrx_word' id='word_1_265' title='bbox 601 2018 655 2042; x_wconf 86' lang='lat' dir='ltr'>me</span> <span class='ocrx_word' id='word_1_266' title='bbox 680 2007 769 2042; x_wconf 83' lang='lat' dir='ltr'>bello</span> <span class='ocrx_word' id='word_1_267' title='bbox 794 2007 918 2041; x_wconf 78' lang='lat' dir='ltr'>ducem</span> 
     </span>
     <span class='ocr_line' id='line_1_39' title="bbox 171 2055 918 2102; baseline -0.005 -10"><span class='ocrx_word' id='word_1_268' title='bbox 171 2056 354 2102; x_wconf 71' lang='lat' dir='ltr'>profiteor.</span> <span class='ocrx_word' id='word_1_269' title='bbox 411 2055 498 2090; x_wconf 86' lang='lat' dir='ltr'>Tac.</span> <span class='ocrx_word' id='word_1_270' title='bbox 532 2065 614 2089; x_wconf 85' lang='lat' dir='ltr'>ann.</span> <span class='ocrx_word' id='word_1_271' title='bbox 649 2057 687 2097; x_wconf 89' lang='lat'>1,</span> <span class='ocrx_word' id='word_1_272' title='bbox 721 2057 767 2088; x_wconf 83' lang='lat'>24</span> <span class='ocrx_word' id='word_1_273' title='bbox 803 2056 918 2089; x_wconf 85' lang='lat' dir='ltr'>rector</span> 
     </span>
     <span class='ocr_line' id='line_1_40' title="bbox 174 2101 917 2146; baseline -0.005 -7"><span class='ocrx_word' id='word_1_274' title='bbox 174 2103 309 2139; x_wconf 80' lang='lat' dir='ltr'>iuveni.</span> <span class='ocrx_word' id='word_1_275' title='bbox 360 2107 399 2146; x_wconf 90' lang='lat'>3,</span> <span class='ocrx_word' id='word_1_276' title='bbox 428 2106 472 2137; x_wconf 88' lang='grc'>14</span> <span class='ocrx_word' id='word_1_277' title='bbox 498 2104 616 2137; x_wconf 76' lang='lat' dir='ltr'>custos</span> <span class='ocrx_word' id='word_1_278' title='bbox 639 2101 762 2137; x_wconf 83' lang='lat' dir='ltr'>saluti.</span> <span class='ocrx_word' id='word_1_279' title='bbox 814 2104 846 2144; x_wconf 88' lang='lat'>6,</span> <span class='ocrx_word' id='word_1_280' title='bbox 873 2104 917 2136; x_wconf 84' lang='lat'>36</span> 
     </span>
     <span class='ocr_line' id='line_1_41' title="bbox 174 2148 918 2193; baseline -0.003 -8"><span class='ocrx_word' id='word_1_281' title='bbox 174 2150 337 2186; x_wconf 84' lang='lat' dir='ltr'>ministri</span> <span class='ocrx_word' id='word_1_282' title='bbox 361 2150 565 2185; x_wconf 79' lang='lat' dir='ltr'>sceleribus.</span> <span class='ocrx_word' id='word_1_283' title='bbox 593 2152 648 2193; x_wconf 86' lang='lat'>13,</span> <span class='ocrx_word' id='word_1_284' title='bbox 670 2152 714 2184; x_wconf 83' lang='lat'>50</span> <span class='ocrx_word' id='word_1_285' title='bbox 733 2148 835 2193; x_wconf 76' lang='lat' dir='ltr'>plebi</span> <span class='ocrx_word' id='word_1_286' title='bbox 853 2148 918 2183; x_wconf 83' lang='lat' dir='ltr'>tri·</span> 
     </span>
     <span class='ocr_line' id='line_1_42' title="bbox 174 2199 304 2234; baseline -0.015 0"><span class='ocrx_word' id='word_1_287' title='bbox 174 2199 304 2234; x_wconf 68' lang='lat' dir='ltr'>banus.</span> 
     </span>
    </p>

    <p class='ocr_par' dir='ltr' id='par_1_11' title="bbox 177 2241 919 2430">
     <span class='ocr_line' id='line_1_43' title="bbox 223 2241 918 2280; baseline -0.003 0"><span class='ocrx_word' id='word_1_288' title='bbox 223 2248 255 2280; x_wconf 85' lang='grc'>6.</span> <span class='ocrx_word' id='word_1_289' title='bbox 280 2244 428 2279; x_wconf 74' lang='lat' dir='ltr'>missum</span> <span class='ocrx_word' id='word_1_290' title='bbox 448 2247 507 2279; x_wconf 82' lang='lat' dir='ltr'>ott.</span> <span class='ocrx_word' id='word_1_291' title='bbox 543 2242 630 2278; x_wconf 82' lang='lat' dir='ltr'>Dies</span> <span class='ocrx_word' id='word_1_292' title='bbox 649 2242 700 2278; x_wconf 83' lang='lat' dir='ltr'>ist</span> <span class='ocrx_word' id='word_1_293' title='bbox 717 2242 817 2278; x_wconf 87' lang='lat' dir='ltr'>wohl</span> <span class='ocrx_word' id='word_1_294' title='bbox 836 2241 918 2278; x_wconf 89' lang='lat' dir='ltr'>eine</span> 
     </span>
     <span class='ocr_line' id='line_1_44' title="bbox 177 2288 919 2334; baseline -0.004 -8"><span class='ocrx_word' id='word_1_295' title='bbox 177 2290 329 2327; x_wconf 85' lang='lat' dir='ltr'>Fiktion</span> <span class='ocrx_word' id='word_1_296' title='bbox 352 2291 415 2326; x_wconf 89' lang='lat' dir='ltr'>des</span> <span class='ocrx_word' id='word_1_297' title='bbox 429 2290 590 2334; x_wconf 72' lang='lat' dir='ltr'>TacituS,</span> <span class='ocrx_word' id='word_1_298' title='bbox 610 2289 744 2325; x_wconf 85' lang='lat' dir='ltr'>darauf</span> <span class='ocrx_word' id='word_1_299' title='bbox 760 2288 919 2334; x_wconf 80' lang='lat' dir='ltr'>fussend,</span> 
     </span>
     <span class='ocr_line' id='line_1_45' title="bbox 179 2336 918 2383; baseline -0.004 -9"><span class='ocrx_word' id='word_1_300' title='bbox 179 2337 261 2374; x_wconf 83' lang='lat' dir='ltr'>dass</span> <span class='ocrx_word' id='word_1_301' title='bbox 287 2337 491 2383; x_wconf 88' lang='lat' dir='ltr'>allerdings</span> <span class='ocrx_word' id='word_1_302' title='bbox 517 2336 612 2372; x_wconf 90' lang='lat' dir='ltr'>auch</span> <span class='ocrx_word' id='word_1_303' title='bbox 643 2336 703 2372; x_wconf 89' lang='lat' dir='ltr'>die</span> <span class='ocrx_word' id='word_1_304' title='bbox 728 2336 918 2382; x_wconf 86' lang='lat' dir='ltr'>Legionen</span> 
     </span>
     <span class='ocr_line' id='line_1_46' title="bbox 177 2384 828 2430; baseline -0.005 -9"><span class='ocrx_word' id='word_1_305' title='bbox 177 2398 239 2422; x_wconf 90' lang='lat' dir='ltr'>am</span> <span class='ocrx_word' id='word_1_306' title='bbox 264 2385 386 2421; x_wconf 86' lang='lat' dir='ltr'>Rhein</span> <span class='ocrx_word' id='word_1_307' title='bbox 411 2385 492 2421; x_wconf 88' lang='lat' dir='ltr'>sich</span> <span class='ocrx_word' id='word_1_308' title='bbox 517 2385 664 2430; x_wconf 72' lang='lat' dir='ltr'>emport</span> <span class='ocrx_word' id='word_1_309' title='bbox 687 2384 828 2419; x_wconf 87' lang='lat' dir='ltr'>hatten.</span> 
     </span>
    </p>

    <p class='ocr_par' dir='ltr' id='par_1_12' title="bbox 177 2430 923 2845">
     <span class='ocr_line' id='line_1_47' title="bbox 225 2430 919 2477; baseline -0.004 -9"><span class='ocrx_word' id='word_1_310' title='bbox 225 2436 256 2468; x_wconf 88' lang='lat'>9.</span> <span class='ocrx_word' id='word_1_311' title='bbox 295 2433 360 2469; x_wconf 79' lang='lat' dir='ltr'>nbi</span> <span class='ocrx_word' id='word_1_312' title='bbox 397 2431 585 2477; x_wconf 84' lang='lat' dir='ltr'>,‚wohin“‚</span> <span class='ocrx_word' id='word_1_313' title='bbox 622 2430 692 2466; x_wconf 83' lang='lat' dir='ltr'>wie</span> <span class='ocrx_word' id='word_1_314' title='bbox 729 2430 792 2466; x_wconf 90' lang='lat' dir='ltr'>bei</span> <span class='ocrx_word' id='word_1_315' title='bbox 821 2440 919 2475; x_wconf 79' lang='lat' dir='ltr'>pono</span> 
     </span>
     <span class='ocr_line' id='line_1_48' title="bbox 177 2477 918 2524; baseline -0.007 -8"><span class='ocrx_word' id='word_1_316' title='bbox 177 2480 254 2516; x_wconf 84' lang='lat' dir='ltr'>und.</span> <span class='ocrx_word' id='word_1_317' title='bbox 302 2480 443 2516; x_wconf 83' lang='lat' dir='ltr'>colloco.</span> <span class='ocrx_word' id='word_1_318' title='bbox 506 2478 590 2524; x_wconf 84' lang='lat' dir='ltr'>Vgl.</span> <span class='ocrx_word' id='word_1_319' title='bbox 625 2478 724 2513; x_wconf 88' lang='lat' dir='ltr'>Suet.</span> <span class='ocrx_word' id='word_1_320' title='bbox 757 2477 843 2512; x_wconf 90' lang='lat' dir='ltr'>Ner.</span> <span class='ocrx_word' id='word_1_321' title='bbox 873 2480 918 2512; x_wconf 84' lang='lat'>48</span> 
     </span>
     <span class='ocr_line' id='line_1_49' title="bbox 178 2525 921 2570; baseline -0.007 -6"><span class='ocrx_word' id='word_1_322' title='bbox 178 2528 310 2564; x_wconf 85' lang='lat' dir='ltr'>abiecti</span> <span class='ocrx_word' id='word_1_323' title='bbox 333 2527 376 2563; x_wconf 87' lang='lat' dir='ltr'>in</span> <span class='ocrx_word' id='word_1_324' title='bbox 406 2527 469 2562; x_wconf 83' lang='lat' dir='ltr'>via</span> <span class='ocrx_word' id='word_1_325' title='bbox 499 2526 696 2562; x_wconf 83' lang='lat' dir='ltr'>cadaveris.</span> <span class='ocrx_word' id='word_1_326' title='bbox 729 2545 773 2551; x_wconf 97' lang='lat'>—</span> <span class='ocrx_word' id='word_1_327' title='bbox 805 2525 921 2570; x_wconf 78' lang='lat' dir='ltr'>sepul—</span> 
     </span>
     <span class='ocr_line' id='line_1_50' title="bbox 178 2571 921 2610; baseline -0.004 0"><span class='ocrx_word' id='word_1_328' title='bbox 178 2579 276 2610; x_wconf 84' lang='lat' dir='ltr'>tura.</span> <span class='ocrx_word' id='word_1_329' title='bbox 340 2574 514 2610; x_wconf 76' lang='lat' dir='ltr'>Invidere</span> <span class='ocrx_word' id='word_1_330' title='bbox 555 2573 626 2608; x_wconf 92' lang='lat' dir='ltr'>mit</span> <span class='ocrx_word' id='word_1_331' title='bbox 668 2572 753 2607; x_wconf 89' lang='lat' dir='ltr'>dem</span> <span class='ocrx_word' id='word_1_332' title='bbox 795 2571 921 2607; x_wconf 89' lang='lat' dir='ltr'>Ablat.</span> 
     </span>
     <span class='ocr_line' id='line_1_51' title="bbox 177 2619 923 2662; baseline -0.004 -5"><span class='ocrx_word' id='word_1_333' title='bbox 177 2632 312 2657; x_wconf 86' lang='lat' dir='ltr'>causae</span> <span class='ocrx_word' id='word_1_334' title='bbox 348 2621 399 2657; x_wconf 88' lang='lat' dir='ltr'>ist</span> <span class='ocrx_word' id='word_1_335' title='bbox 431 2621 610 2657; x_wconf 88' lang='lat' dir='ltr'>silbernes</span> <span class='ocrx_word' id='word_1_336' title='bbox 644 2619 792 2662; x_wconf 79' lang='lat' dir='ltr'>Latein,</span> <span class='ocrx_word' id='word_1_337' title='bbox 828 2619 923 2654; x_wconf 89' lang='lat' dir='ltr'>doch</span> 
     </span>
     <span class='ocr_line' id='line_1_52' title="bbox 177 2666 923 2710; baseline -0.004 -6"><span class='ocrx_word' id='word_1_338' title='bbox 177 2669 317 2704; x_wconf 87' lang='lat' dir='ltr'>bereits</span> <span class='ocrx_word' id='word_1_339' title='bbox 373 2678 446 2704; x_wconf 90' lang='lat' dir='ltr'>von</span> <span class='ocrx_word' id='word_1_340' title='bbox 500 2667 627 2703; x_wconf 89' lang='lat' dir='ltr'>Livius</span> <span class='ocrx_word' id='word_1_341' title='bbox 683 2666 923 2710; x_wconf 86' lang='lat' dir='ltr'>vorbereitet,</span> 
     </span>
     <span class='ocr_line' id='line_1_53' title="bbox 181 2713 922 2761; baseline -0.005 -10"><span class='ocrx_word' id='word_1_342' title='bbox 181 2716 350 2761; x_wconf 72' lang='lat' dir='ltr'>haufiger</span> <span class='ocrx_word' id='word_1_343' title='bbox 373 2715 435 2751; x_wconf 89' lang='lat' dir='ltr'>bei</span> <span class='ocrx_word' id='word_1_344' title='bbox 461 2715 545 2751; x_wconf 89' lang='lat' dir='ltr'>dem</span> <span class='ocrx_word' id='word_1_345' title='bbox 566 2714 747 2760; x_wconf 77' lang='lat' dir='ltr'>jiingeren</span> <span class='ocrx_word' id='word_1_346' title='bbox 769 2713 922 2749; x_wconf 88' lang='lat' dir='ltr'>Plinius.</span> 
     </span>
     <span class='ocr_line' id='line_1_54' title="bbox 184 2761 922 2798; baseline -0.005 0"><span class='ocrx_word' id='word_1_347' title='bbox 184 2762 311 2798; x_wconf 86' lang='lat' dir='ltr'>Cicero</span> <span class='ocrx_word' id='word_1_348' title='bbox 337 2763 403 2798; x_wconf 87' lang='lat' dir='ltr'>hat</span> <span class='ocrx_word' id='word_1_349' title='bbox 427 2773 497 2797; x_wconf 88' lang='lat' dir='ltr'>nur</span> <span class='ocrx_word' id='word_1_350' title='bbox 523 2761 595 2797; x_wconf 88' lang='lat' dir='ltr'>den</span> <span class='ocrx_word' id='word_1_351' title='bbox 613 2761 725 2797; x_wconf 85' lang='lat' dir='ltr'>Dativ</span> <span class='ocrx_word' id='word_1_352' title='bbox 752 2761 816 2796; x_wconf 90' lang='lat' dir='ltr'>der</span> <span class='ocrx_word' id='word_1_353' title='bbox 835 2761 922 2796; x_wconf 90' lang='lat' dir='ltr'>Per-</span> 
     </span>
     <span class='ocr_line' id='line_1_55' title="bbox 182 2808 610 2845; baseline 0.002 -1"><span class='ocrx_word' id='word_1_354' title='bbox 182 2821 249 2845; x_wconf 88' lang='lat' dir='ltr'>son</span> <span class='ocrx_word' id='word_1_355' title='bbox 275 2809 365 2845; x_wconf 89' lang='lat' dir='ltr'>oder</span> <span class='ocrx_word' id='word_1_356' title='bbox 390 2810 455 2844; x_wconf 90' lang='lat' dir='ltr'>der</span> <span class='ocrx_word' id='word_1_357' title='bbox 482 2808 610 2845; x_wconf 87' lang='lat' dir='ltr'>Sache.</span> 
     </span>
    </p>

    <p class='ocr_par' dir='ltr' id='par_1_13' title="bbox 182 2854 923 2948">
     <span class='ocr_line' id='line_1_56' title="bbox 230 2854 923 2892; baseline -0.006 0"><span class='ocrx_word' id='word_1_358' title='bbox 230 2856 293 2892; x_wconf 74' lang='lat'>23.</span> <span class='ocrx_word' id='word_1_359' title='bbox 322 2860 352 2892; x_wconf 86' lang='lat'>1.</span> <span class='ocrx_word' id='word_1_360' title='bbox 381 2857 579 2892; x_wconf 74' lang='lat' dir='ltr'>Incendere</span> <span class='ocrx_word' id='word_1_361' title='bbox 603 2855 673 2891; x_wconf 87' lang='lat' dir='ltr'>mit</span> <span class='ocrx_word' id='word_1_362' title='bbox 698 2854 817 2890; x_wconf 87' lang='lat' dir='ltr'>einem</span> <span class='ocrx_word' id='word_1_363' title='bbox 837 2854 923 2889; x_wconf 85' lang='lat' dir='ltr'>Ace.</span> 
     </span>
     <span class='ocr_line' id='line_1_57' title="bbox 182 2901 923 2948; baseline -0.003 -10"><span class='ocrx_word' id='word_1_364' title='bbox 182 2904 253 2939; x_wconf 85' lang='lat' dir='ltr'>wie</span> <span class='ocrx_word' id='word_1_365' title='bbox 287 2904 373 2940; x_wconf 81' lang='lat' dir='ltr'>haec</span> <span class='ocrx_word' id='word_1_366' title='bbox 406 2905 464 2948; x_wconf 92' lang='lat'>(=--</span> <span class='ocrx_word' id='word_1_367' title='bbox 489 2902 604 2938; x_wconf 85' lang='lat' dir='ltr'>verba</span> <span class='ocrx_word' id='word_1_368' title='bbox 635 2903 716 2948; x_wconf 89' lang='lat' dir='ltr'>sua)</span> <span class='ocrx_word' id='word_1_369' title='bbox 751 2901 802 2937; x_wconf 86' lang='lat' dir='ltr'>ist</span> <span class='ocrx_word' id='word_1_370' title='bbox 833 2911 923 2944; x_wconf 78' lang='lat' dir='ltr'>neu3</span> 
     </span>
    </p>
   </div>
   <div class='ocr_carea' id='block_1_10' title="bbox 989 1957 1738 2943">
    <p class='ocr_par' dir='ltr' id='par_1_14' title="bbox 989 1957 1732 2191">
     <span class='ocr_line' id='line_1_58' title="bbox 990 1957 1732 2003; baseline -0.003 -10"><span class='ocrx_word' id='word_1_371' title='bbox 990 1957 1138 1993; x_wconf 70' lang='lat' dir='ltr'>ahnlich</span> <span class='ocrx_word' id='word_1_372' title='bbox 1173 1961 1212 2002; x_wconf 85' lang='lat'>2,</span> <span class='ocrx_word' id='word_1_373' title='bbox 1239 1960 1283 1993; x_wconf 90' lang='grc'><strong>82</strong></span> <span class='ocrx_word' id='word_1_374' title='bbox 1322 1957 1385 1993; x_wconf 86' lang='lat' dir='ltr'>hos</span> <span class='ocrx_word' id='word_1_375' title='bbox 1417 1957 1520 2003; x_wconf 72' lang='lat' dir='ltr'>vulqi</span> <span class='ocrx_word' id='word_1_376' title='bbox 1555 1965 1732 1992; x_wconf 84' lang='lat' dir='ltr'>sermones</span> 
     </span>
     <span class='ocr_line' id='line_1_59' title="bbox 989 1993 1732 2042; baseline -0.005 -1"><span class='ocrx_word' id='word_1_377' title='bbox 989 2006 1121 2042; x_wconf 80' lang='lat' dir='ltr'>audita</span> <span class='ocrx_word' id='word_1_378' title='bbox 1138 2015 1234 2040; x_wconf 84' lang='lat' dir='ltr'>mors</span> <span class='ocrx_word' id='word_1_379' title='bbox 1258 2005 1347 2040; x_wconf 85' lang='lat' dir='ltr'>adeo</span> <span class='ocrx_word' id='word_1_380' title='bbox 1371 2004 1543 2039; x_wconf 83' lang='lat' dir='ltr'>incendit.</span> <span class='ocrx_word' id='word_1_381' title='bbox 1565 2024 1608 2030; x_wconf 94' lang='lat'>-—</span> <span class='ocrx_word' id='word_1_382' title='bbox 1629 1993 1732 2038; x_wconf 75' lang='lat' dir='ltr'>Uber</span> 
     </span>
     <span class='ocr_line' id='line_1_60' title="bbox 989 2050 1730 2097; baseline -0.004 -9"><span class='ocrx_word' id='word_1_383' title='bbox 989 2053 1050 2088; x_wconf 82' lang='lat' dir='ltr'>die</span> <span class='ocrx_word' id='word_1_384' title='bbox 1064 2052 1358 2097; x_wconf 85' lang='lat' dir='ltr'>Abwechselung</span> <span class='ocrx_word' id='word_1_385' title='bbox 1377 2051 1443 2086; x_wconf 87' lang='lat' dir='ltr'>des</span> <span class='ocrx_word' id='word_1_386' title='bbox 1457 2050 1629 2086; x_wconf 74' lang='lat' dir='ltr'>Ablativs</span> <span class='ocrx_word' id='word_1_387' title='bbox 1641 2050 1730 2095; x_wconf 73' lang='lat' dir='ltr'>fletu</span> 
     </span>
     <span class='ocr_line' id='line_1_61' title="bbox 989 2095 1732 2135; baseline 0 -1"><span class='ocrx_word' id='word_1_388' title='bbox 989 2099 1066 2135; x_wconf 90' lang='lat' dir='ltr'>und</span> <span class='ocrx_word' id='word_1_389' title='bbox 1100 2100 1164 2135; x_wconf 88' lang='lat' dir='ltr'>des</span> <span class='ocrx_word' id='word_1_390' title='bbox 1198 2098 1332 2135; x_wconf 83' lang='lat' dir='ltr'>Partiz.</span> <span class='ocrx_word' id='word_1_391' title='bbox 1358 2099 1551 2134; x_wconf 78' lang='lat' dir='ltr'>verberans</span> <span class='ocrx_word' id='word_1_392' title='bbox 1581 2109 1608 2133; x_wconf 89' lang='lat' dir='ltr'>s.</span> <span class='ocrx_word' id='word_1_393' title='bbox 1633 2095 1732 2134; x_wconf 84' lang='lat' dir='ltr'>Einl.</span> 
     </span>
     <span class='ocr_line' id='line_1_62' title="bbox 990 2150 1172 2191; baseline -0.005 -8"><span class='ocrx_word' id='word_1_394' title='bbox 990 2151 1020 2190; x_wconf 74' lang='lat'>§-</span> <span class='ocrx_word' id='word_1_395' title='bbox 1042 2150 1122 2191; x_wconf 85' lang='lat'>119,</span> <span class='ocrx_word' id='word_1_396' title='bbox 1141 2150 1172 2182; x_wconf 80' lang='lat'>5.</span> 
     </span>
    </p>

    <p class='ocr_par' dir='ltr' id='par_1_15' title="bbox 989 2191 1734 2287">
     <span class='ocr_line' id='line_1_63' title="bbox 1038 2191 1734 2239; baseline -0.003 -10"><span class='ocrx_word' id='word_1_397' title='bbox 1038 2198 1070 2230; x_wconf 90' lang='lat'>3.</span> <span class='ocrx_word' id='word_1_398' title='bbox 1103 2194 1269 2239; x_wconf 53' lang='lat' dir='ltr'>pedibu&amp;</span> <span class='ocrx_word' id='word_1_399' title='bbox 1314 2193 1424 2229; x_wconf 84' lang='lat' dir='ltr'>Sonst</span> <span class='ocrx_word' id='word_1_400' title='bbox 1460 2193 1546 2238; x_wconf 85' lang='lat' dir='ltr'>sagt</span> <span class='ocrx_word' id='word_1_401' title='bbox 1580 2191 1734 2227; x_wconf 78' lang='lat' dir='ltr'>Tacitus</span> 
     </span>
     <span class='ocr_line' id='line_1_64' title="bbox 989 2241 1284 2287; baseline -0.003 -11"><span class='ocrx_word' id='word_1_402' title='bbox 989 2252 1108 2287; x_wconf 76' lang='lat' dir='ltr'>yenua</span> <span class='ocrx_word' id='word_1_403' title='bbox 1132 2241 1284 2276; x_wconf 82' lang='lat' dir='ltr'>advolvi.</span> 
     </span>
    </p>

    <p class='ocr_par' dir='ltr' id='par_1_16' title="bbox 991 2284 1737 2568">
     <span class='ocr_line' id='line_1_65' title="bbox 1039 2284 1733 2333; baseline -0.006 -9"><span class='ocrx_word' id='word_1_404' title='bbox 1039 2292 1070 2324; x_wconf 86' lang='grc'>6.</span> <span class='ocrx_word' id='word_1_405' title='bbox 1107 2289 1150 2324; x_wconf 88' lang='lat' dir='ltr'>ni</span> <span class='ocrx_word' id='word_1_406' title='bbox 1179 2298 1332 2333; x_wconf 76' lang='lat' dir='ltr'>propere</span> <span class='ocrx_word' id='word_1_407' title='bbox 1363 2290 1422 2322; x_wconf 81' lang='lat' dir='ltr'>ctt.</span> <span class='ocrx_word' id='word_1_408' title='bbox 1480 2285 1572 2322; x_wconf 88' lang='lat' dir='ltr'>Sehr</span> <span class='ocrx_word' id='word_1_409' title='bbox 1613 2284 1733 2321; x_wconf 84' lang='lat' dir='ltr'>selten</span> 
     </span>
     <span class='ocr_line' id='line_1_66' title="bbox 993 2333 1737 2378; baseline -0.003 -8"><span class='ocrx_word' id='word_1_410' title='bbox 993 2336 1093 2371; x_wconf 86' lang='lat' dir='ltr'>steht</span> <span class='ocrx_word' id='word_1_411' title='bbox 1118 2334 1221 2370; x_wconf 86' lang='lat' dir='ltr'>solch</span> <span class='ocrx_word' id='word_1_412' title='bbox 1247 2334 1307 2369; x_wconf 90' lang='lat' dir='ltr'>ein</span> <span class='ocrx_word' id='word_1_413' title='bbox 1326 2333 1647 2378; x_wconf 84' lang='lat' dir='ltr'>Bedingungssatz</span> <span class='ocrx_word' id='word_1_414' title='bbox 1665 2342 1737 2368; x_wconf 85' lang='lat' dir='ltr'>vor</span> 
     </span>
     <span class='ocr_line' id='line_1_67' title="bbox 991 2378 1734 2424; baseline -0.005 -6"><span class='ocrx_word' id='word_1_415' title='bbox 991 2383 1076 2418; x_wconf 87' lang='lat' dir='ltr'>dem</span> <span class='ocrx_word' id='word_1_416' title='bbox 1094 2381 1408 2417; x_wconf 82' lang='lat' dir='ltr'>indikativischen</span> <span class='ocrx_word' id='word_1_417' title='bbox 1421 2381 1506 2415; x_wconf 87' lang='lat' dir='ltr'>Hau</span> <span class='ocrx_word' id='word_1_418' title='bbox 1534 2381 1643 2424; x_wconf 81' lang='lat' dir='ltr'>tsatz,</span> <span class='ocrx_word' id='word_1_419' title='bbox 1662 2378 1734 2415; x_wconf 83' lang='lat' dir='ltr'>wie</span> 
     </span>
     <span class='ocr_line' id='line_1_68' title="bbox 992 2426 1734 2473; baseline -0.005 -8"><span class='ocrx_word' id='word_1_420' title='bbox 992 2428 1087 2465; x_wconf 84' lang='lat' dir='ltr'>auch</span> <span class='ocrx_word' id='word_1_421' title='bbox 1105 2429 1192 2464; x_wconf 87' lang='lat' dir='ltr'>hist.</span> <span class='ocrx_word' id='word_1_422' title='bbox 1207 2433 1240 2473; x_wconf 89' lang='lat'>4,</span> <span class='ocrx_word' id='word_1_423' title='bbox 1256 2432 1318 2471; x_wconf 78' lang='lat'>183</span> <span class='ocrx_word' id='word_1_424' title='bbox 1347 2430 1451 2463; x_wconf 86' lang='lat' dir='ltr'>sonst</span> <span class='ocrx_word' id='word_1_425' title='bbox 1468 2428 1506 2463; x_wconf 88' lang='lat' dir='ltr'>fo</span> <span class='ocrx_word' id='word_1_426' title='bbox 1523 2428 1566 2472; x_wconf 86' lang='lat' dir='ltr'>gt</span> <span class='ocrx_word' id='word_1_427' title='bbox 1585 2438 1624 2463; x_wconf 86' lang='lat' dir='ltr'>er</span> <span class='ocrx_word' id='word_1_428' title='bbox 1642 2426 1734 2468; x_wconf 88' lang='lat' dir='ltr'>ihm,</span> 
     </span>
     <span class='ocr_line' id='line_1_69' title="bbox 991 2473 1735 2519; baseline -0.004 -7"><span class='ocrx_word' id='word_1_429' title='bbox 991 2476 1061 2512; x_wconf 86' lang='lat' dir='ltr'>wie</span> <span class='ocrx_word' id='word_1_430' title='bbox 1105 2487 1165 2511; x_wconf 86' lang='lat' dir='ltr'>am</span> <span class='ocrx_word' id='word_1_431' title='bbox 1203 2475 1349 2510; x_wconf 85' lang='lat' dir='ltr'>Schluss</span> <span class='ocrx_word' id='word_1_432' title='bbox 1388 2475 1508 2510; x_wconf 87' lang='lat' dir='ltr'>dieses</span> <span class='ocrx_word' id='word_1_433' title='bbox 1546 2473 1735 2519; x_wconf 79' lang='lat' dir='ltr'>Kapitels:</span> 
     </span>
     <span class='ocr_line' id='line_1_70' title="bbox 993 2522 1485 2568; baseline -0.006 -8"><span class='ocrx_word' id='word_1_434' title='bbox 993 2525 1131 2568; x_wconf 80' lang='lat' dir='ltr'>ferrum</span> <span class='ocrx_word' id='word_1_435' title='bbox 1148 2523 1338 2568; x_wconf 75' lang='lat' dir='ltr'>parabant</span> <span class='ocrx_word' id='word_1_436' title='bbox 1364 2542 1408 2548; x_wconf 95' lang='lat'><strong>—</strong></span> <span class='ocrx_word' id='word_1_437' title='bbox 1433 2522 1485 2557; x_wconf 87' lang='lat' dir='ltr'>ni.</span> 
     </span>
    </p>

    <p class='ocr_par' dir='ltr' id='par_1_17' title="bbox 994 2567 1735 2654">
     <span class='ocr_line' id='line_1_71' title="bbox 1045 2567 1735 2614; baseline -0.004 -8"><span class='ocrx_word' id='word_1_438' title='bbox 1045 2574 1098 2606; x_wconf 85' lang='lat'>12.</span> <span class='ocrx_word' id='word_1_439' title='bbox 1123 2571 1220 2613; x_wconf 84' lang='lat' dir='ltr'>vitis,</span> <span class='ocrx_word' id='word_1_440' title='bbox 1245 2569 1311 2605; x_wconf 88' lang='lat' dir='ltr'>der</span> <span class='ocrx_word' id='word_1_441' title='bbox 1334 2569 1517 2605; x_wconf 73' lang='lat' dir='ltr'>romische</span> <span class='ocrx_word' id='word_1_442' title='bbox 1535 2567 1735 2614; x_wconf 74' lang='lat' dir='ltr'>Korporal-</span> 
     </span>
     <span class='ocr_line' id='line_1_72' title="bbox 994 2618 1108 2654; baseline -0.018 0"><span class='ocrx_word' id='word_1_443' title='bbox 994 2618 1108 2654; x_wconf 86' lang='lat' dir='ltr'>stock.</span> 
     </span>
    </p>

    <p class='ocr_par' dir='ltr' id='par_1_18' title="bbox 994 2661 1737 2890">
     <span class='ocr_line' id='line_1_73' title="bbox 1045 2661 1735 2708; baseline -0.007 -7"><span class='ocrx_word' id='word_1_444' title='bbox 1045 2668 1098 2700; x_wconf 87' lang='lat'>15.</span> <span class='ocrx_word' id='word_1_445' title='bbox 1124 2665 1275 2700; x_wconf 84' lang='lat' dir='ltr'>idoneus</span> <span class='ocrx_word' id='word_1_446' title='bbox 1302 2663 1370 2698; x_wconf 90' lang='lat' dir='ltr'>mit</span> <span class='ocrx_word' id='word_1_447' title='bbox 1394 2663 1479 2698; x_wconf 86' lang='lat' dir='ltr'>dem</span> <span class='ocrx_word' id='word_1_448' title='bbox 1498 2661 1582 2699; x_wconf 81' lang='lat' dir='ltr'>Dat.</span> <span class='ocrx_word' id='word_1_449' title='bbox 1601 2673 1735 2708; x_wconf 87' lang='lat' dir='ltr'>gerun-</span> 
     </span>
     <span class='ocr_line' id='line_1_74' title="bbox 996 2708 1734 2748; baseline -0.007 0"><span class='ocrx_word' id='word_1_450' title='bbox 996 2711 1074 2748; x_wconf 89' lang='lat' dir='ltr'>divi</span> <span class='ocrx_word' id='word_1_451' title='bbox 1109 2711 1160 2747; x_wconf 89' lang='lat' dir='ltr'>ist</span> <span class='ocrx_word' id='word_1_452' title='bbox 1195 2709 1493 2746; x_wconf 83' lang='lat' dir='ltr'>nachklassische</span> <span class='ocrx_word' id='word_1_453' title='bbox 1530 2708 1734 2745; x_wconf 85' lang='lat' dir='ltr'>Konstruk·</span> 
     </span>
     <span class='ocr_line' id='line_1_75' title="bbox 994 2756 1737 2802; baseline -0.005 -7"><span class='ocrx_word' id='word_1_454' title='bbox 994 2760 1086 2795; x_wconf 87' lang='lat' dir='ltr'>tion.</span> <span class='ocrx_word' id='word_1_455' title='bbox 1118 2757 1296 2794; x_wconf 86' lang='lat' dir='ltr'>Dasselbe</span> <span class='ocrx_word' id='word_1_456' title='bbox 1316 2756 1387 2799; x_wconf 68' lang='lat' dir='ltr'>gilt</span> <span class='ocrx_word' id='word_1_457' title='bbox 1405 2768 1476 2792; x_wconf 89' lang='lat' dir='ltr'>von</span> <span class='ocrx_word' id='word_1_458' title='bbox 1496 2759 1737 2802; x_wconf 77' lang='lat' dir='ltr'>opportunus,</span> 
     </span>
     <span class='ocr_line' id='line_1_76' title="bbox 996 2801 1736 2849; baseline -0.007 -6"><span class='ocrx_word' id='word_1_459' title='bbox 996 2807 1172 2849; x_wconf 75' lang='lat' dir='ltr'>callidus,</span> <span class='ocrx_word' id='word_1_460' title='bbox 1196 2804 1381 2848; x_wconf 75' lang='lat' dir='ltr'>inhabilis,</span> <span class='ocrx_word' id='word_1_461' title='bbox 1407 2807 1528 2849; x_wconf 76' lang='lat' dir='ltr'>aptus,</span> <span class='ocrx_word' id='word_1_462' title='bbox 1553 2801 1736 2839; x_wconf 71' lang='lat' dir='ltr'>ebenfalls</span> 
     </span>
     <span class='ocr_line' id='line_1_77' title="bbox 995 2851 1475 2890; baseline -0.002 -1"><span class='ocrx_word' id='word_1_463' title='bbox 995 2853 1057 2890; x_wconf 89' lang='lat' dir='ltr'>bei</span> <span class='ocrx_word' id='word_1_464' title='bbox 1083 2853 1169 2888; x_wconf 86' lang='lat' dir='ltr'>Tac.</span> <span class='ocrx_word' id='word_1_465' title='bbox 1196 2851 1475 2888; x_wconf 89' lang='lat' dir='ltr'>vorkommend.</span> 
     </span>
    </p>

    <p class='ocr_par' dir='ltr' id='par_1_19' title="bbox 1046 2896 1738 2943">
     <span class='ocr_line' id='line_1_78' title="bbox 1046 2896 1738 2943; baseline -0.006 -7"><span class='ocrx_word' id='word_1_466' title='bbox 1046 2905 1099 2937; x_wconf 81' lang='lat'>17.</span> <span class='ocrx_word' id='word_1_467' title='bbox 1126 2899 1199 2935; x_wconf 87' lang='lat' dir='ltr'>Der</span> <span class='ocrx_word' id='word_1_468' title='bbox 1224 2897 1412 2934; x_wconf 86' lang='lat' dir='ltr'>Indikativ</span> <span class='ocrx_word' id='word_1_469' title='bbox 1434 2898 1621 2943; x_wconf 79' lang='lat' dir='ltr'>parabant</span> <span class='ocrx_word' id='word_1_470' title='bbox 1645 2896 1738 2933; x_wconf 84' lang='lat' dir='ltr'>hebt</span> 
     </span>
    </p>
   </div>
  </div>
 </body>
</html>
