1812 3112
0 2933 8 3040 4

0 3044 18 3112 1

577 101 722 138 LIBER
746 101 844 139 XIII.
889 101 992 139 CAP.
1019 105 1125 138 6—9.

1579 100 1636 143 83

62 212 294 256 virtutibus
330 211 585 268 patefactus.
647 211 798 266 copiae
835 210 1013 253 orientis
1049 211 1112 251 ita
1149 209 1419 261 dividuntur,
1456 213 1506 252 ut
1536 225 1638 265 pars

64 272 335 316 auxiliarium
368 286 464 313 cum
496 270 661 312 duabus
691 268 938 325 legionibus
965 268 1078 324 apud
1102 269 1372 324 provinciam
1398 268 1570 312 Suriam
1595 274 1639 313 et

61 333 254 399 legatum
300 331 391 373 eius
431 329 697 380 Quadratum
736 327 1007 370 Ummidium
1049 331 1312 384 remaneret,
1355 344 1436 384 par
1481 329 1638 372 civium

64 391 363 446 sociorumque
393 404 595 432 numerus
628 386 867 430 Corbuloni
898 390 1032 443 esset,
1064 388 1220 430 additis
1254 388 1506 431 cohortibus
1538 388 1638 431 alis-
1666 399 1711 431 10

61 465 155 507 que,
186 465 295 506 quae
326 451 374 492 in
405 448 677 504 Cappadocia
707 447 972 489 hiemabant.
1034 447 1139 490 socii
1175 462 1317 505 reges,
1356 450 1486 503 prout
1523 448 1638 491 bello

62 510 336 565 conduceret,
385 522 534 564 parere
582 507 708 550 iussi·
759 506 834 549 sed
877 507 1021 549 studia
1065 521 1214 549 eorum
1257 507 1305 549 in
1348 506 1640 551 Corbulonem

60 569 331 625 promptiora
362 570 497 610 erant.
552 567 625 623 qui
655 569 705 609 ut
734 567 909 609 instaret
932 566 1084 622 famae,
1117 581 1226 622 quae
1250 567 1298 609 in
1322 567 1447 610 novis
1474 567 1639 623 coeptis

61 629 328 672 validissima
358 629 435 682 est,
465 627 621 669 itinere
650 640 833 681 propere
859 626 1055 669 confecto
1082 627 1197 682 apud
1221 625 1391 682 Aegeas
1418 627 1639 670 civitatem

62 687 241 731 Ciliciae
274 686 449 729 obvium
475 685 746 736 Quadratum
773 685 940 740 habuit,
970 686 1075 728 illuc
1100 700 1392 742 progressum,
1421 701 1488 743 ne,
1520 687 1558 729 si
1585 686 1639 729 ad
1665 695 1710 728 15

60 746 331 803 accipiendas
362 746 508 802 copias
541 745 714 788 Suriam
744 745 994 787 intravisset
1026 743 1228 801 Corbulo,
1258 746 1454 788 omnium
1486 760 1562 788 ora
1593 746 1639 789 in

62 821 107 849 se
138 808 328 849 verteret
353 807 532 861 corpore
557 805 725 862 ingens,
756 805 899 847 verbis
925 804 1169 861 magnificis
1195 807 1239 847 et
1264 820 1394 861 super
1420 806 1639 861 experien-

61 866 168 909 tiam
201 865 545 921 sapientiamque
579 865 711 907 etiam
743 864 883 919 specie
913 864 1108 906 inanium
1138 865 1321 908 validus.

181 924 384 968 Ceterum
420 927 602 980 uterque
638 924 692 966 ad
723 923 988 980 Vologesem
1018 938 1164 980 regem
1194 925 1360 967 nuntiis
1391 924 1678 980 monebant‚9

60 999 211 1041 pacem
249 999 380 1040 quam
416 984 580 1026 bellum
617 983 767 1025 mallet
797 983 994 1038 datisque
1026 983 1248 1027 obsidibus
1281 984 1455 1027 solitam
1484 984 1638 1039 priori-

61 1046 142 1087 bus
179 1044 465 1087 reverentiam
495 1044 542 1085 in
572 1043 781 1098 populum
812 1041 1057 1085 Romanum
1089 1043 1372 1087 continuaret.
1433 1046 1477 1086 et
1507 1043 1639 1087 Volo-

61 1118 204 1160 geses,
249 1118 333 1159 quo
370 1103 532 1145 bellum
572 1117 624 1144 ex
661 1101 886 1145 commodo
923 1104 1113 1158 pararet,
1157 1117 1213 1145 an
1249 1106 1300 1146 ut
1337 1104 1639 1146 aemulationis

63 1165 284 1220 suspectos
320 1177 397 1218 per
438 1176 598 1205 nomen
641 1161 840 1204 obsidum
885 1164 1122 1217 amoveret,
1163 1162 1299 1205 tradit
1343 1163 1638 1206 nobilissimos
1665 1173 1687 1205 5

62 1238 113 1265 ex
150 1222 318 1264 familia
348 1222 669 1264 Arsacidarum.
732 1221 980 1277 accepitque
1019 1236 1092 1264 eos
1130 1222 1324 1265 centurio
1356 1223 1545 1265 Insteius
1584 1223 1639 1265 ab

61 1281 283 1325 Ummidio
315 1282 485 1336 missus,
515 1281 627 1323 forte
658 1280 802 1336 priore
833 1280 884 1323 de
917 1295 1048 1323 causa
1077 1281 1194 1324 adito
1219 1296 1334 1338 rege.
1384 1282 1498 1338 quod
1522 1285 1639 1338 post-

65 1356 196 1397 quam
222 1339 458 1384 Corbuloni
490 1341 711 1396 cognitum
744 1342 822 1396 est,
852 1340 915 1383 ire
946 1340 1215 1395 praefectum
1244 1342 1436 1384 cohortis
1462 1341 1639 1384 Arrium

61 1400 228 1443 Varum
273 1403 316 1442 et
357 1400 598 1455 reciperare
639 1399 810 1442 obsides
847 1399 977 1442 iubet.

62 1460 224 1502 fectum
261 1462 305 1502 et
342 1459 638 1502 centurionem
676 1459 863 1515 iurgium
892 1474 947 1501 ne
980 1459 1138 1502 diutius
1172 1460 1358 1502 externis
1391 1461 1638 1516 spectaculo
1666 1471 1711 1503 10

1044 1400 1146 1443 hinc
1185 1402 1329 1443 ortum
1365 1402 1481 1443 inter
1516 1416 1640 1457 prae-

63 1522 194 1573 esset,
239 1519 467 1571 arbitrium
508 1519 572 1561 rei
616 1518 839 1561 obsidibus
883 1519 1143 1575 legatisque,
1187 1519 1261 1575 qui
1302 1534 1376 1562 eos
1415 1520 1639 1575 ducebant,

62 1578 332 1635 permissum.
388 1580 526 1634 atque
548 1578 614 1620 illi
644 1580 859 1620 recentem
890 1578 1042 1635 gloria,
1073 1581 1117 1620 et
1146 1578 1429 1622 inclinatione
1455 1580 1640 1636 quadam

64 1638 195 1680 etiam
232 1638 443 1693 hostium,
481 1637 774 1680 Corbulonem
811 1638 1065 1693 praetulere.
1126 1638 1238 1681 unde
1277 1638 1489 1682 discordia
1527 1639 1642 1682 inter

64 1698 209 1753 duces,
247 1699 450 1753 querente
481 1696 701 1740 Ummidio
739 1699 969 1752 praerepta
1007 1712 1115 1753 quae
1151 1698 1239 1741 suis
1272 1699 1465 1742 consiliis
1496 1701 1640 1754 patra·

64 1757 216 1811 visset,
253 1759 442 1800 testante
476 1759 627 1800 contra
660 1755 904 1799 Corbulone
934 1771 1025 1800 non
1055 1757 1175 1812 prius
1209 1772 1463 1801 conversum
1493 1772 1641 1814 regem
1667 1768 1711 1800 15

65 1816 121 1859 ad
159 1816 398 1860 offerendos
437 1816 608 1860 obsides
650 1831 778 1871 quam
809 1817 901 1872 ipse
933 1816 1018 1858 dux
1048 1817 1164 1859 bello
1197 1816 1386 1860 delectus
1419 1832 1518 1873 spes
1549 1818 1640 1860 eius

114 1949 146 1980 9.
180 1936 282 1980 Uber
308 1944 520 1988 Quadratus
546 1956 573 1981 s.
599 1956 644 1979 zu
672 1949 733 1987 12,
759 1947 816 1980 45.

116 1996 171 2028 11.
211 1992 473 2038 Cappadocien
509 2003 586 2027 war
630 1992 683 2027 im
713 1992 746 2028 J.
772 1995 815 2027 51

67 2051 142 2076 von
174 2039 260 2075 dem
290 2040 417 2086 feigen
441 2039 671 2076 Prokurator
696 2040 818 2075 Julius

66 2086 270 2133 Paelignus
295 2087 348 2122 im
373 2087 477 2123 Stich
505 2087 696 2133 gelassen,
729 2087 819 2123 aber

69 2135 195 2180 spater
235 2135 336 2171 wohl
369 2135 507 2171 wieder
537 2146 611 2171 von
643 2134 715 2170 den
746 2136 818 2171 R&-

70 2193 176 2218 mern
200 2183 353 2218 besetzt.

117 2233 172 2266 14.
198 2228 348 2276 Aegeae
367 2230 456 2266 oder
475 2230 614 2276 Aegae,
638 2228 720 2265 eine
740 2230 818 2266 alte

68 2276 299 2323 griechische
331 2277 508 2322 Kolonie,
539 2278 604 2324 lag
637 2289 698 2313 am
733 2277 822 2313 Golf

66 2335 142 2360 von
165 2325 276 2360 Issus.

118 2376 173 2408 17.
199 2383 310 2417 super
328 2373 420 2408 statt
431 2376 591 2418 praeter,
614 2372 685 2408 wie
708 2377 740 2418 1,
761 2376 817 2408 59.

69 2420 157 2465 Agr.
181 2423 223 2455 17
250 2420 327 2455 und
354 2420 426 2463 oft3
451 2420 578 2466 h‘aufig
596 2419 659 2455 bei
678 2420 817 2456 Livius.

119 2471 176 2503 18.
207 2468 342 2503 inania
367 2467 450 2502 sind
469 2467 612 2503 aursei-e
631 2467 818 2514 Vorzi'ige‚

70 2514 140 2550 wie
167 2514 219 2551 sie
244 2515 378 2551 vorhin
404 2515 572 2550 erwahnt
599 2515 759 2551 werden.

117 2609 157 2645 9.
198 2613 229 2644 1.
267 2610 411 2644 nuntiis
444 2609 540 2644 ohne
571 2609 709 2653 missis,
746 2609 819 2646 wic

71 2655 107 2693 h.
122 2660 156 2701 4,
172 2659 218 2692 86
238 2658 387 2693 occultis
406 2658 455 2692 ad
470 2656 646 2692 Cerialem
663 2658 817 2693 numtiis.

78 2707 115 2748 1
105 2708 199 2787 5’,.14
197 2755 382 2797 suspectus
424 2750 496 2787 mit
536 2751 623 2786 dem
661 2751 819 2789 Genetiv-

74 2798 171 2834 auch
196 2803 229 2843 3,
249 2803 306 2834 29.
328 2803 390 2843 6ος
417 2801 494 2835 erst
519 2798 590 2834 seit
609 2798 737 2834 Livius
757 2811 820 2845 ge-

73 2844 302 2882 brauchlich.

123 2897 154 2928 6.
182 2893 458 2931 Arsacidarum.
498 2894 583 2940 Vgl.
603 2906 647 2929 zu
667 2899 701 2939 2,
724 2898 753 2929 1.
776 2915 819 2920 -

890 1945 1052 1992 Instejus
1090 1944 1222 1992 Capito
1260 1947 1354 1982 wird
1389 1947 1462 1993 ΚΡ.
1494 1952 1540 1984 39
1584 1948 1641 1983 als

890 1993 1165 2039 Lagerprfflekt
1188 1993 1253 2030 des
1278 1993 1440 2031 Corbulo
1461 1994 1641 2032 erwahnt.

939 2062 971 2094 8.
1022 2059 1152 2094 Arrius
1190 2059 1310 2095 Varus
1354 2059 1405 2095 ist
1447 2060 1643 2096 vielleieht

890 2105 1009 2142 Vater
1034 2106 1099 2142 des
1123 2107 1255 2151 Varus,
1282 2106 1348 2142 der
1372 2107 1425 2142 im
1449 2107 1482 2143 J.
1504 2111 1548 2143 69
1575 2107 1644 2143 auf

892 2153 1019 2189 Seiten
1041 2154 1106 2190 des
1124 2153 1332 2199 Vespasian
1351 2154 1452 2190 steht
1471 2155 1548 2191 und
1568 2155 1639 2190 Be-

890 2200 1106 2237 fehlshaber
1118 2202 1184 2237 der
1194 2201 1435 2238 Pr‘atorianer
1444 2203 1521 2238 und
1530 2213 1640 2248 prae-

890 2247 1009 2284 fectus
1035 2260 1205 2286 annonae
1230 2249 1334 2285 wird.

940 2318 996 2350 12.
1021 2318 1063 2351 et.
1099 2314 1185 2350 Wie
1205 2314 1359 2351 Tacitus
1380 2315 1442 2351 ein
1462 2315 1641 2351 Substan-

890 2360 947 2397 tiv
978 2362 1050 2397 mit
1077 2363 1200 2398 einem
1223 2363 1465 2398 Kausalsatze
1492 2362 1576 2417 (Kp.
1603 2365 1640 2408 8)

891 2409 981 2445 oder
994 2409 1104 2445 einen
1113 2410 1430 2456 Nominalbegriff
1438 2410 1510 2445 mit
1519 2410 1642 2445 einem

889 2456 1091 2502 folgenden
1116 2457 1437 2502 Participialsatze
1470 2458 1512 2502 (s.
1543 2456 1641 2493 Einl.

890 2508 921 2547 ξ.
945 2507 1024 2548 120,
1044 2504 1082 2548 b)
1107 2504 1352 2550 koordiniert,
1378 2516 1418 2540 so
1444 2503 1642 2540 verbindet

891 2562 931 2586 er
950 2532 1031 2587 hiei-
1051 2552 1124 2587 den
1139 2533 1352 2587 Accusativ⁷
1358 2551 1430 2586 mit
1448 2552 1533 2587 dem
1548 2552 1641 2587 kau-

892 2599 996 2634 salen
1013 2598 1180 2635 Ablativ.
1219 2599 1358 2635 St‘ande
1377 2599 1438 2634 fiir
1459 2599 1532 2634 den
1550 2599 1643 2634 letz-

891 2647 998 2682 teren
1034 2650 1067 2682 et
1101 2647 1191 2692 quia
1228 2646 1318 2682 oder
1355 2646 1416 2682 ein
1453 2646 1641 2682 absolutes

892 2693 1072 2740 Particip,
1099 2705 1140 2730 so
1165 2697 1263 2729 ware
1289 2693 1357 2729 das
1377 2694 1463 2729 dem
1483 2694 1642 2739 Sprach-

893 2741 1104 2787 gebrauche
1126 2741 1192 2777 des
1205 2741 1415 2777 Verfassers
1435 2741 1542 2777 mehr
1561 2742 1640 2777 ent-

893 2789 1108 2834 sprechend.

943 2853 998 2885 16.
1025 2849 1180 2884 delectus
1205 2848 1308 2884 steht
1331 2847 1385 2883 im
1406 2847 1519 2884 Sinnc
1541 2847 1640 2884 eines

893 2895 1220 2932 Verbalsubstanti
1230 2908 1283 2933 VS.

1306 2956 1354 2991 G*
