1794 3126
114 913 171 955 53

117 1453 159 1484 10

183 102 271 144 204

621 100 850 137 CORNELII
873 99 1035 137 TACITI
1059 99 1323 136 ANNALIUM

184 209 505 265 qualiscumque
542 209 748 264 principis
787 209 1132 251 cruentarentur:
1170 207 1323 249 melius
1362 208 1476 262 apud
1513 209 1664 253 urbem
1698 211 1749 255 in

182 268 257 309 illa
287 268 427 310 invisa
459 269 502 309 et
534 268 684 322 spoliis
717 267 874 310 civium
906 269 1098 309 extructa
1130 266 1256 309 domo
1292 266 1360 307 vel
1389 267 1436 308 in
1467 267 1639 322 publico
1672 284 1747 325 pa-

182 328 371 368 traturos
405 326 516 381 quod
547 341 626 380 pro
657 341 702 367 re
733 326 909 381 publica
940 325 1239 379 suscepissent.
1297 324 1403 367 haec
1435 325 1481 367 in
1511 340 1750 385 commune,

183 387 370 427 ceterum
401 386 555 427 timore
588 385 775 439 occulto,
805 399 859 427 ne
890 384 937 427 L.
969 383 1144 426 Silanus
1177 383 1332 425 eximia
1362 384 1591 428 nobilitate
1624 385 1748 430 disci-

113 454 156 486 10
181 444 386 499 plinaque
418 443 464 486 O.
497 442 652 499 Cassii,
690 444 804 498 apud
835 457 962 498 quem
993 442 1195 485 educatus
1228 444 1337 497 erat,
1375 443 1428 484 ad
1460 458 1630 487 omnem
1661 445 1746 488 cla-

181 502 412 544 ritudinem
445 502 640 544 sublatus
672 502 899 556 imperium
928 501 1161 556 invaderet,
1193 502 1391 556 prompte
1423 501 1587 544 daturis
1619 504 1693 559 qui
1723 519 1750 548 a

183 561 480 603 coniuratione
511 560 672 614 integri
704 562 849 601 essent
880 560 1035 614 quique
1066 561 1371 602 miserarentur
1395 559 1614 604 Neronem
1636 565 1748 606 tam-

184 634 312 674 quam
339 633 417 673 per
442 619 578 660 scelus
604 619 892 660 interfectum.
946 618 1138 673 plerique
1164 618 1336 661 Vestini
1362 633 1530 674 quoque
1555 622 1746 665 consulis

184 691 281 719 acre
313 677 535 732 ingenium
567 678 771 719 vitavisse
796 676 999 718 Pisonem
1030 677 1308 732 crediderunt,
1339 692 1393 719 ne
1425 678 1479 719 ad
1503 679 1749 723 libertatem

113 747 156 778 15
185 738 395 790 oreretur,
433 736 500 778 vel
539 736 702 777 delecto
741 735 1002 790 imperatore
1041 735 1124 776 alio
1164 736 1229 777 sui
1265 737 1454 778 muneris
1488 751 1579 779 rem
1610 739 1750 794 publi-

184 808 279 836 cam
310 794 484 837 faceret.
546 795 704 836 etenim
737 808 888 848 expers
920 794 1228 836 coniurationis
1261 797 1363 848 erat,
1394 797 1589 850 quamvis
1623 812 1753 853 super

185 867 234 895 eo
273 853 450 895 crimine
487 852 603 895 Nero
640 856 763 895 vetus
804 853 1029 895 adversum
1068 852 1285 894 insontem
1323 853 1477 895 odium
1505 856 1752 910 expleverit.

306 911 500 954 Tandem
527 914 717 954 statuere
749 912 1001 954 circensium
1032 911 1230 953 ludorum
1262 911 1342 966 die,
1374 912 1446 966 qui
1472 911 1618 957 Cereri
1643 915 1751 957 cele·

185 971 354 1025 bratur,
386 971 562 1026 exsequi
594 971 826 1025 destinata,
859 970 959 1025 quia
984 969 1144 1012 Caesar
1173 984 1296 1012 rarus
1329 984 1505 1026 egressu
1537 972 1749 1029 domoque

186 1032 263 1071 aut
299 1029 437 1071 hortis
470 1029 642 1071 clausus
676 1029 729 1072 ad
766 1029 931 1071 ludicra
969 1029 1070 1071 circi
1103 1028 1346 1070 ventitabat
1380 1031 1751 1087 promptioresque

186 1088 327 1130 aditus
354 1090 479 1130 erant
503 1089 671 1131 laetitia
697 1088 941 1143 spectaculi.
992 1087 1183 1129 ordinem
1211 1087 1381 1130 insidiis
1407 1093 1754 1147 composuerant,

138 1158 158 1190 5
185 1149 235 1189 ut
271 1146 529 1202 Lateranus,
574 1147 699 1202 quasi
736 1146 974 1189 subsidium
1011 1146 1074 1188 rei
1111 1146 1316 1188 familiari
1354 1150 1514 1203 oraret,
1555 1149 1751 1204 depreca-

185 1205 355 1247 bundus
395 1208 438 1247 et
481 1206 660 1260 genibus
703 1205 909 1260 principis
955 1205 1152 1247 accidens
1197 1207 1490 1260 prosterneret
1530 1207 1752 1251 incautum

185 1266 501 1319 premeretque,
539 1264 672 1307 animi
703 1265 870 1307 validus
903 1266 946 1306 et
977 1278 1153 1319 corpore
1190 1264 1353 1320 ingens.
1414 1267 1507 1307 tum
1537 1265 1751 1310 iacentem

185 1325 228 1364 et
258 1323 512 1378 impeditum
550 1324 713 1366 tribuni
745 1326 787 1365 et
818 1323 1089 1365 centuriones
1129 1325 1171 1365 et
1202 1326 1456 1378 ceterorum,
1493 1327 1542 1366 ut
1572 1326 1751 1382 quisque

190 1382 417 1424 audentiae
461 1382 703 1434 habuisset,
749 1382 1025 1425 adcurrerent
1060 1382 1424 1438 trucidarentque,
1467 1383 1628 1437 primas
1666 1384 1751 1427 sibi

188 1443 333 1494 partes
354 1442 655 1496 expostulante
677 1441 898 1496 Scaevino,
925 1442 997 1496 qui
1022 1442 1256 1496 pugionem
1281 1442 1443 1496 templo
1463 1440 1624 1486 Salutis
1650 1443 1751 1499 sive,

233 1595 264 1626 6.
299 1592 401 1636 apud
425 1592 549 1627 urbem
575 1592 636 1636 „in
661 1592 791 1627 Rom“.

233 1653 264 1683 7.
291 1649 360 1684 Die
383 1649 555 1696 Stellung
577 1651 643 1686 der
668 1652 847 1687 betonten
865 1651 931 1686 At-

183 1695 324 1731 tribute
356 1708 423 1732 vor
453 1698 557 1733 domo
587 1697 638 1733 ist
669 1698 739 1734 wie
772 1698 857 1734 dial.
888 1703 929 1734 12

186 1744 289 1787 apud
301 1744 384 1778 illos
397 1744 456 1779 dis
468 1745 607 1789 yenitos
619 1756 810 1791 sacrosque
821 1757 930 1790 reyes.

233 1804 265 1835 8.
285 1801 372 1836 haec
390 1803 432 1836 in
452 1813 635 1838 commune
655 1815 719 1848 „so
739 1805 873 1849 sprach
893 1816 932 1840 er

182 1859 249 1883 vor
262 1849 460 1885 anderen“.
492 1848 567 1884 Das
585 1850 758 1895 folgende
778 1855 931 1887 ceterum

183 1895 242 1938 (=
256 1907 295 1931 re
315 1897 413 1940 vera)
435 1896 570 1931 driickt
589 1897 662 1932 den
682 1898 930 1942 eigentlichen

184 1941 313 1977 Grund
333 1953 418 1978 ause
437 1942 499 1987 „in
521 1944 587 1979 der
601 1944 700 1980 That
713 1945 838 1989 aber“‚
858 1946 928 1981 wie

185 1993 245 2034 14,
273 1993 328 2025 58.
364 1994 424 2034 16,
452 1994 496 2025 32
525 1991 597 2026 und
623 1991 730 2027 (ister.

229 2052 260 2083 9.
294 2048 334 2084 L.
368 2048 500 2084 Junius
533 2049 680 2085 Silanus
706 2051 928 2096 Torquatus,

183 2095 286 2130 Sohn
305 2095 369 2131 des
388 2107 462 2132 von
475 2096 685 2142 Agrippina
703 2098 930 2143 vergifteten

180 2141 229 2176 M.
257 2141 403 2178 Silanus
430 2145 469 2188 (s.
499 2147 560 2189 13,
589 2145 622 2188 1)
652 2144 744 2180 wird
768 2146 865 2181 noch
890 2146 930 2181 in

181 2188 321 2224 diesem
346 2190 458 2225 Jahre
492 2194 535 2226 65
570 2191 756 2227 verbannt
785 2193 860 2227 und
886 2205 930 2227 zu

179 2235 332 2270 Barium
365 2236 403 2271 in
429 2237 591 2282 Apulien
623 2239 691 2273 auf
720 2239 838 2275 Neres
864 2239 929 2275 Be-

180 2282 258 2317 fehl
284 2284 479 2319 ermordet.
527 2289 586 2328 16,
616 2289 719 2320 7—9.

231 2333 284 2365 10.
318 2322 418 2365 Uber
445 2331 482 2367 Ο.
505 2331 672 2375 Cassius,
699 2332 765 2368 der
789 2333 926 2378 gleich—

182 2375 300 2422 zeitig
341 2378 437 2413 nach
483 2377 678 2414 Sardinien
722 2380 928 2425 deportiert

179 2423 289 2468 wird,
316 2436 342 2460 s.
369 2437 415 2459 zu
443 2429 504 2470 12,
534 2430 588 2461 11.

229 2475 283 2506 11.
311 2473 449 2517 inteyer
473 2484 520 2515 a,
546 2473 631 2508 sehr
663 2473 798 2518 selten,
831 2474 927 2509 doch

179 2518 295 2553 schon
320 2517 382 2554 bei
408 2518 536 2555 Cicero
561 2531 596 2555 u.
622 2520 761 2556 Livius.

228 2569 283 2600 14.
317 2566 366 2600 ad
398 2567 595 2602 libertatem
627 2568 721 2602 oriri
745 2567 831 2611 „die
855 2568 926 2603 Re—

178 2610 311 2656 publik
354 2613 580 2649 herstellen“
625 2614 733 2658 (statt
775 2616 925 2658 exoriri)

178 2658 228 2694 ist
258 2670 351 2694 neue
384 2660 534 2697 Phrase.
585 2660 670 2706 Vgl.
703 2661 805 2706 Virg.
834 2662 924 2697 Aen.

178 2709 210 2749 4,
232 2709 301 2741 625
321 2708 488 2742 eoeorz‘are
507 2708 651 2753 aliquis.
688 2708 807 2743 Daffir
826 2709 926 2744 steht

177 2753 322 2788 reddere
348 2754 546 2790 libertatem
571 2759 611 2799 2,
638 2759 694 2791 82.

227 2803 280 2835 15.
313 2801 374 2836 sui
403 2803 564 2838 muneris
596 2814 663 2847 „zu
689 2802 827 2838 seinem
854 2802 923 2838 Ge-

177 2845 374 2883 schenke“.

1052 1590 1115 1627 53.
1145 1596 1176 1626 1.
1202 1593 1277 1627 Das
1301 1592 1390 1627 Fest
1414 1592 1480 1627 der
1505 1592 1631 1638 Ceres,
1661 1605 1750 1630 vom

1005 1642 1060 1674 12.
1093 1638 1150 1674 bis
1178 1642 1232 1674 19.
1258 1639 1365 1684 April
1402 1639 1576 1684 gefeiert,
1614 1641 1750 1676 endete

1003 1685 1074 1720 mit
1113 1685 1382 1721 circensischen
1421 1686 1588 1731 Spielen:
1625 1687 1748 1724 Wett-

1003 1743 1162 1777 rennen,
1194 1731 1634 1779 Gladiatorenk‘ampfen,
1673 1735 1748 1770 ein-

1004 1779 1161 1825 geleitet
1195 1779 1312 1815 durch
1346 1779 1568 1826 grossartige
1598 1781 1748 1818 Proces-

1005 1837 1143 1862 sionen.

1050 1889 1083 1920 2.
1121 1896 1232 1920 rarus
1269 1896 1421 1930 eyressu.
1478 1885 1624 1922 Ebensb
1663 1889 1751 1934 sagt

1003 1932 1069 1967 der
1100 1932 1216 1967 ‘altere
1247 1932 1408 1968 Plinius:
1445 1944 1556 1969 rarus
1586 1935 1748 1979 inventu,

1003 1980 1084 2014 visu
1090 1993 1104 2023 ;
1128 1990 1256 2014 rarum
1281 1980 1391 2015 dictu.

1050 2041 1083 2073 5.
1109 2039 1407 2083 deprecabundus
1431 2039 1480 2074 ist
1503 2034 1569 2075 ἅπ.
1595 2038 1662 2086 elo.
1694 2039 1749 2075 im

1001 2085 1145 2120 Latein.

1051 2148 1082 2179 7.
1097 2145 1215 2179 animi
1225 2144 1380 2181 validus.
1395 2144 1480 2190 Vgl.
1492 2144 1589 2181 Einl.
1601 2149 1631 2189 §-
1643 2149 1701 2191 44,
1709 2146 1745 2182 b.

1003 2211 1046 2215 —
1066 2192 1239 2227 iacentem
1259 2192 1323 2228 ctt.
1350 2192 1543 2228 adcurrere
1565 2193 1637 2229 mit
1660 2193 1747 2229 dem

1000 2237 1212 2283 Accusativ,
1232 2239 1354 2274 zuerst
1371 2237 1433 2274 bei
1447 2239 1533 2276 Tac.
1555 2241 1630 2275 und
1649 2240 1747 2276 auch

1002 2284 1063 2319 bei
1092 2285 1172 2321 ihm
1204 2281 1267 2320 ἅπ.
1303 2284 1386 2329 εἰρ.,
1425 2287 1527 2322 steht
1558 2287 1654 2323 &fter
1683 2287 1746 2323 boi

1000 2332 1193 2377 Apulejus.
1239 2332 1274 2367 S.
1300 2332 1396 2369 Einl.
1423 2336 1454 2375 ξ.
1482 2338 1537 2378 25,
1564 2345 1594 2371 c.

1048 2401 1081 2432 8.
1106 2400 1149 2432 ut
1172 2398 1321 2442 quisque
1346 2398 1540 2433 audentiae
1561 2399 1625 2434 ctt.
1651 2398 1685 2433 d.
1706 2398 1742 2435 h.

999 2455 1067 2488 pro
1088 2455 1133 2479 ea
1159 2455 1233 2489 qua
1258 2444 1413 2488 quisque
1433 2446 1530 2480 esset
1548 2445 1742 2490 audentia3

999 2490 1048 2526 ist
1085 2491 1146 2526 ein
1185 2502 1279 2537 ganz
1315 2490 1558 2527 vereinzelter
1596 2491 1742 2528 Gracis-

999 2549 1089 2572 mus.
1130 2538 1178 2573 So
1205 2538 1305 2573 steht
1331 2536 1431 2583 ἔχειν
1450 2538 1519 2573 mit
1546 2540 1630 2574 dem
1649 2538 1741 2575 Gen.

999 2585 1065 2620 der
1089 2584 1303 2631 Beziehung
1327 2585 1423 2621 nach
1449 2583 1514 2631 ὥς,
1539 2581 1651 2631 ὅπως,
1677 2582 1742 2622 01¹3-

998 2644 1086 2676 τως,
1111 2645 1200 2672 πως.

1046 2694 1078 2726 9.
1105 2691 1300 2735 audentia,
1332 2691 1428 2727 auch
1458 2690 1579 2727 Germ.
1611 2695 1666 2728 31.
1695 2695 1742 2728 34

996 2737 1072 2772 und
1096 2739 1277 2774 zerstreut
1306 2738 1358 2773 im
1382 2737 1568 2773 silbernen
1594 2738 1742 2775 Latein.

1046 2806 1099 2838 10.
1127 2803 1354 2848 exposbulare
1378 2803 1470 2838 skatt
1494 2804 1684 2848 postulare
1710 2816 1740 2840 s.

995 2860 1042 2884 zu
1065 2848 1134 2894 ΚΡ.
1164 2853 1207 2885 17
1233 2860 1292 2885 am
1317 2848 1432 2885 Ende.
