1806 3120
132 1692 186 1736 81

212 102 295 144 142

640 103 867 140 CORNELII
893 103 1056 140 TACITI
1079 103 1340 139 ANNALIUM

208 226 302 254 eam
333 213 517 255 maxime
547 212 670 255 novis
696 212 886 255 consiliis
911 211 1111 255 idoneam
1137 211 1324 267 rebatur,
1355 227 1380 254 a
1405 212 1594 255 Pacuvio
1620 213 1764 270 legato

139 280 182 312 10
207 272 493 326 praevenitur.
555 271 599 313 id
641 270 812 314 Sentius
852 270 1000 314 Pisoni
1039 286 1116 326 per
1154 271 1320 313 litteras
1360 273 1500 326 aperit
1537 278 1768 328 monetque

208 345 262 372 ne
289 333 432 372 castra
458 331 799 385 corruptoribus,
824 345 877 373 ne
904 331 1168 385 provinciam
1196 331 1308 372 bello
1333 333 1527 385 temptet.
1577 345 1769 387 quosque

209 388 455 432 Germanici
498 405 710 432 memores
757 392 832 431 aut
873 390 1058 432 inimicis
1104 390 1196 431 eius
1243 389 1444 432 adversos
1494 393 1770 447 cognoverat,

208 449 446 503 contrahit,
494 448 839 504 magnitudinem
888 449 1158 503 imperatoris
1209 448 1440 490 identidem
1483 449 1682 505 ingerens
1725 455 1769 492 et

207 522 298 549 rem
323 508 541 563 publicam
567 508 697 550 armis
724 508 835 563 peti3
868 507 1069 563 ducitque
1099 507 1287 550 validam
1319 522 1494 549 manum
1527 511 1570 550 et
1600 509 1766 563 proelio

138 574 181 607 15
207 571 417 622 paratam.

137 624 193 667 80

324 625 414 668 Nec
440 626 553 680 Piso,
585 640 845 681 quamquam
872 627 1023 680 coepta
1056 639 1175 667 secus
1208 625 1429 679 cadebant,
1461 626 1611 668 omisit
1641 627 1766 669 tutis·

208 684 317 727 sima
343 700 365 727 e
391 685 704 740 praesentibus,
730 684 803 726 sed
829 685 1054 727 castellum
1081 683 1255 727 Ciliciae
1281 684 1494 726 munitum
1520 685 1763 742 admodum,

207 744 275 786 cui
305 758 462 786 nomen
495 742 759 799 Celenderis,
793 748 994 799 occupat,
1032 758 1134 785 nam
1165 744 1365 785 admixtis
1397 743 1688 786 desertoribus
1721 749 1764 788 et

207 803 348 845 tirone
385 817 522 858 nuper
560 803 798 858 intercepto
837 803 1007 858 suisque
1040 806 1083 844 et
1112 802 1341 845 Plancinae
1379 803 1565 845 servitiis
1604 804 1764 846 auxilia

160 870 180 902 5
208 860 407 917 Cilicum,
448 876 556 917 quae
595 863 734 918 reguli
773 862 997 916 miserant,
1034 863 1077 904 in
1116 876 1342 904 numerum
1378 862 1560 929 legionis
1592 876 1765 930 compo—

206 924 362 963 suerat.
413 920 694 989 Caesarisque
726 936 771 963 se
803 921 997 976 legatum
1029 922 1269 963 testabatur
1299 921 1533 987 provincia,
1564 936 1694 977 quam
1725 923 1763 964 is

205 979 403 1036 dedisset,
435 981 569 1023 arceri
599 995 685 1023 non
718 995 743 1023 a
773 980 1015 1036 legionibus
1049 979 1215 1035 (earum
1240 980 1396 1035 quippe
1422 981 1559 1022 accitu
1585 981 1764 1038 venire),

206 1039 279 1081 sed
312 1054 337 1082 a
368 1037 514 1082 Sentio
547 1039 766 1095 privatum
797 1040 942 1082 odium
974 1039 1094 1081 falsis
1127 1039 1379 1081 criminibus
1417 1042 1603 1094 tegente.
1665 1054 1762 1083 con-

206 1099 408 1141 sisterent
444 1099 490 1141 in
527 1100 636 1154 acie,
670 1113 760 1141 non
796 1099 1053 1155 pugnaturis
1092 1097 1318 1165 militibus,
1357 1097 1432 1140 ubi
1468 1098 1669 1141 Pisonem
1706 1100 1760 1142 ab

135 1165 179 1198 10
203 1157 309 1224 ipsis
335 1161 556 1225 parentem
582 1158 794 1214 quondam
820 1158 1097 1213 appellatum,
1122 1158 1159 1199 si
1183 1157 1275 1199 iure
1302 1159 1512 1213 ageretur,
1536 1157 1761 1213 potiorem,

205 1217 242 1259 si
267 1217 411 1271 armis,
435 1231 523 1260 non
547 1217 783 1260 invalidum
809 1217 1027 1260 vidissent.
1070 1220 1163 1259 tum
1187 1231 1266 1271 pro
1292 1217 1569 1259 munimentis
1595 1217 1761 1260 castelli

203 1276 447 1331 manipulos
486 1277 690 1332 explicat,
727 1277 836 1319 colle
874 1276 1005 1319 arduo
1038 1279 1082 1318 et
1113 1275 1310 1331 derupto,
1345 1290 1446 1318 nam
1479 1279 1622 1318 cetera
1652 1276 1763 1319 mari

203 1335 446 1391 cinguntur.
508 1339 659 1379 contra
701 1335 892 1378 veterani
937 1335 1159 1378 ordinibus
1203 1349 1251 1377 ac
1296 1334 1497 1377 subsidiis
1541 1335 1759 1378 instructi:

202 1394 303 1437 hinc
339 1394 545 1451 militum,
585 1395 683 1438 inde
720 1396 911 1438 locorum
944 1395 1174 1450 asperitas,
1212 1393 1287 1435 sed
1323 1408 1412 1436 non
1451 1394 1637 1449 animus,
1673 1409 1761 1437 non

134 1462 178 1495 15
205 1467 323 1510 spes,
360 1468 414 1496 110
452 1455 539 1496 tela
569 1455 740 1511 quidem
770 1454 857 1496 nisi
888 1454 1075 1510 agrestia
1107 1457 1181 1495 aut
1212 1453 1403 1495 subitum
1432 1453 1479 1495 in
1509 1467 1633 1495 usum
1663 1468 1759 1509 pro-

202 1515 365 1568 perata.
415 1516 464 1556 ut
489 1528 642 1556 venere
673 1514 720 1555 in
751 1528 915 1568 manus,
947 1527 1033 1555 non
1065 1513 1179 1554 ultra
1211 1512 1468 1567 dubitatum,
1499 1526 1628 1567 quam
1659 1512 1759 1555 dum

201 1570 422 1614 Romanae
449 1572 648 1615 cohortes
674 1572 718 1614 in
745 1586 927 1628 aequum
954 1571 1233 1626 eniterentur3
1258 1573 1431 1613 vertunt
1455 1574 1579 1626 terga
1604 1569 1758 1614 Cilices

204 1644 333 1686 seque
365 1632 541 1674 castello
574 1631 789 1674 claudunt.

320 1689 501 1732 Interim
532 1690 633 1733 Piso
665 1691 846 1733 classem
871 1689 987 1733 haud
1011 1689 1162 1745 procul
1188 1688 1484 1743 opperientem
1510 1688 1758 1745 adpugnare

201 1749 362 1791 frustra
404 1750 654 1805 temptavit3
697 1763 1003 1806 regressusque
1046 1751 1090 1790 et
1131 1762 1210 1803 pro
1254 1748 1409 1803 muris,
1452 1747 1578 1790 modo
1624 1752 1758 1790 semet

201 1807 479 1864 adflictando,
528 1809 655 1851 modo
700 1809 893 1865 singulos
936 1807 1109 1850 nomine
1153 1806 1288 1860 ciens,
1338 1806 1542 1862 praemiis
1586 1821 1756 1863 vocans,

247 1928 279 1960 9.
311 1924 393 1960 Von
420 1924 559 1960 diesem
586 1925 774 1961 Pacuvius
799 1925 941 1961 erzahlt

200 1971 340 2008 Seneca
378 1975 449 2018 (ep.
478 1975 539 2018 12,
571 1973 626 2018 8),
664 1972 745 2008 dass
783 1983 823 2007 er
860 1972 940 2008 sich

199 2018 343 2065 taglich
360 2019 413 2054 im
430 2020 601 2055 Rausche
619 2021 717 2055 nach
737 2020 802 2055 der
819 2019 940 2055 Mahl-

199 2067 273 2102 zeit
321 2077 395 2103 von
443 2066 572 2103 seinen
620 2067 784 2103 Sklaven
831 2069 940 2103 unter

198 2113 463 2159 Klageliedern
480 2114 538 2149 ins
559 2114 846 2160 Schlafgemach
864 2115 938 2150 tra-

198 2172 272 2207 gen
296 2160 396 2206 liess,
428 2162 509 2197 eine
533 2162 726 2206 Narrhcit,
758 2162 819 2197 die
843 2162 938 2197 auch

198 2208 426 2244 Trimalchio
450 2208 512 2244 bei
536 2209 674 2245 Petron
698 2210 769 2254 (cp.
791 2211 850 2255 78)
875 2210 938 2245 be-

198 2256 300 2301 geht.

247 2305 302 2338 11.
322 2303 605 2348 corruptoribus.
619 2294 719 2338 Uber
732 2303 803 2338 den
814 2302 938 2339 Ablat.

198 2349 438 2385 instrumenti
468 2360 542 2385 von
566 2349 886 2386 Personennamen
912 2363 938 2385 s.

200 2396 296 2432 Einl.
316 2400 348 2440 ξ.
369 2401 424 2433 36.

248 2448 302 2480 13.
315 2445 555 2490 imperatoris.
575 2443 624 2479 Er
637 2444 799 2480 erinnert
811 2444 938 2489 daran,

199 2491 281 2527 dass
300 2491 381 2527 ihre
403 2492 521 2528 Sache
541 2491 601 2528 die
621 2493 686 2528 des
707 2492 856 2527 Kaisers
874 2492 938 2527 sei.

198 2559 243 2564 —
255 2531 356 2575 'Uber
376 2539 436 2574 die
449 2539 671 2585 Bedeutung
690 2550 760 2575 von
779 2540 940 2585 ingerere

199 2598 226 2622 s.
245 2598 291 2621 zu
318 2592 349 2631 1,
370 2589 426 2621 72.

246 2639 310 2674 80.
342 2643 374 2675 3.
409 2639 610 2675 Celenderis
641 2639 730 2675 oder
756 2639 940 2676 Gelendris

197 2688 293 2721 auch
318 2697 391 2722 von
416 2687 500 2722 dem
531 2686 673 2722 alteren
697 2686 838 2722 Plinius
864 2687 940 2722 und

197 2732 298 2769 Mela
323 2734 501 2770 erw‘ahnt.

245 2789 277 2821 5.
303 2787 345 2821 in
368 2786 585 2822 bezeichnet
610 2787 668 2822 die
689 2786 814 2833 Folge,
840 2786 937 2823 also:

198 2843 238 2867 so
274 2832 355 2868 dass
391 2833 444 2868 sie
480 2835 544 2869 der
579 2834 670 2870 Zahl
706 2835 801 2869 nach
837 2834 937 2870 einer

196 2878 339 2925 Legion
365 2880 638 2926 gleichkamen.

1061 1926 1092 1958 7.
1126 1924 1248 1959 accitu
1279 1923 1394 1958 sehon
1426 1921 1489 1958 bei
1519 1922 1646 1959 Cicero
1678 1923 1756 1958 und

1013 1969 1147 2016 Virgil.

1061 2032 1116 2063 10.
1142 2029 1175 2064 si
1198 2029 1281 2064 iure
1305 2031 1472 2082 ayeretur
1489 2031 1548 2065 ctt.
1575 2028 1751 2065 Derselbe

1011 2074 1319 2121 Gedankengang
1356 2075 1417 2111 bei
1452 2075 1532 2111 Liv.
1565 2080 1604 2121 3,
1634 2079 1699 2121 49,
1732 2079 1754 2111 3

1010 2124 1044 2158 si
1067 2124 1147 2159 iwre
1171 2126 1308 2168 aqeret,
1337 2124 1525 2159 vindicare
1554 2133 1590 2159 se
1621 2134 1645 2158 a
1670 2124 1753 2169 pri·

1010 2173 1093 2206 vato
1128 2170 1281 2206 Icilium
1314 2171 1478 2214 aiebant,
1514 2170 1548 2205 si
1581 2170 1653 2205 vim
1686 2171 1753 2206 ad-

1011 2218 1107 2262 ferre
1131 2221 1369 2261 conarentur,
1399 2218 1454 2253 ibi
1484 2227 1623 2263 qaoque
1652 2217 1754 2253 haud

1014 2266 1160 2310 inpares
1182 2265 1271 2309 fore.

1061 2328 1115 2359 13.
1149 2324 1340 2360 ordinibus
1364 2326 1423 2359 σιτ.
1450 2323 1544 2358 statt
1563 2333 1631 2368 per
1654 2323 1754 2360 ordi—

1011 2382 1083 2407 nes.
1125 2371 1161 2406 S.
1180 2370 1275 2406 Einl.
1297 2373 1329 2413 §.
1350 2374 1405 2406 37.

1061 2434 1116 2465 16.
1149 2430 1191 2465 in
1220 2431 1314 2464 statt
1338 2430 1404 2470 ad,
1438 2429 1508 2464 wie
1532 2429 1620 2465 hist.
1645 2432 1682 2474 4,
1708 2433 1751 2466 ‘11

1011 2477 1107 2513 nach
1142 2476 1231 2512 Sall.
1263 2476 1348 2522 Jug.
1374 2480 1418 2512 89
1453 2476 1674 2522 quurtham
1709 2477 1753 2512 in

1011 2535 1142 2560 manus
1165 2527 1364 2560 ventarum.
1403 2523 1481 2559 Liv.
1502 2528 1536 2570 2,
1555 2528 1600 2559 46
1621 2535 1753 2571 puqna

1011 2573 1086 2608 iam
1109 2572 1152 2606 in
1174 2581 1324 2614 manas,
1356 2572 1433 2607 iam
1457 2572 1506 2607 ad
1530 2572 1672 2618 yladios
1695 2582 1750 2608 ve-

1010 2622 1125 2655 nerat.
1175 2617 1258 2663 Vgl.
1281 2617 1333 2659 εἰς
1357 2622 1484 2664 χεῖρας
1509 2616 1648 2655 ἐλθεῖν.

1059 2677 1122 2714 81.
1155 2677 1434 2723 Ladpuynare
1463 2677 1512 2713 ist
1540 2687 1612 2714 vox
1643 2677 1750 2713 Taci-

1011 2727 1085 2770 tea,
1106 2727 1183 2760 eret
1200 2724 1239 2759 in
1259 2728 1329 2759 den
1343 2725 1514 2760 Annalen
1533 2725 1749 2770 gebraucht.

1010 2772 1095 2819 Vgl.
1115 2776 1149 2816 4,
1169 2774 1226 2807 48.
1253 2775 1309 2816 15,
1332 2776 1385 2807 13.

1056 2835 1088 2866 2.
1126 2841 1198 2877 pro
1240 2832 1355 2866 muris
1399 2841 1535 2875 „vome
1572 2828 1639 2866 auf
1677 2829 1748 2866 den

1007 2878 1195 2923 Mauern“,
1221 2888 1277 2924 cp.
1301 2881 1354 2915 13.
