1806 3120
168 83 252 126 138
597 82 826 120 CORNELII
852 81 1017 118 TACITI
1040 81 1303 119 ANNALIUM

98 193 151 235 71
285 190 445 235 Caesar
475 192 692 248 paulisper
723 191 778 234 ad
809 205 930 247 spem
955 193 1134 245 erectuS,
1165 190 1403 233 deinfesso
1429 205 1619 247 corpore,
1649 190 1726 234 ubi

165 252 263 294 finis
288 251 473 307 aderat,
514 251 772 294 adsistentes
814 251 975 293 amicos
1015 251 1062 292 in
1097 250 1212 292 hunc
1250 249 1422 292 modum
1460 249 1723 306 adloquitur:

167 310 219 353 esi
255 311 348 353 fato
387 310 686 365 concederem,
729 311 869 352 iustus
907 309 1015 351 mihi
1053 309 1176 351 dolor
1212 309 1340 351 etiam
1379 309 1581 351 adversus
1622 309 1724 352 deos

167 373 290 425 esset,
323 370 436 426 quod
468 384 535 412 me
566 369 815 425 parentibus
847 368 996 410 liberis
1021 368 1187 422 patriae
1212 368 1326 410 intra
1351 368 1569 410 iuventam
1599 382 1723 422 prae·

120 439 140 470 5
168 432 337 471 maturo
365 429 483 471 exitu
507 430 725 484 raperent3
757 441 869 470 nunc
895 428 1052 469 scelere
1077 427 1245 469 Pisonis
1271 430 1315 469 et
1339 427 1570 469 Plancinae
1595 427 1726 470 inter-

167 491 316 544 ceptus
359 488 535 530 ultimas
581 502 727 542 preces
779 486 1024 542 pectoribus
1067 486 1222 528 vestris
1264 486 1480 541 relinquo:
1529 486 1725 528 referatis

165 548 281 603 patri
314 562 362 590 ac
393 547 531 601 fratri,
564 547 718 602 quibus
744 545 1051 587 acerbitatibus
1079 545 1346 596 dilaceratus,
1379 545 1532 600 quibus
1558 544 1725 588 insidiis

166 607 481 649 circumventus
523 605 811 648 miserrimam
851 605 986 647 vitam
1026 604 1216 659 pessima
1255 606 1393 647 morte
1431 604 1627 646 finierim.
1689 604 1727 647 si

167 680 275 721 quos
309 680 404 720 spes
436 679 568 717 meae,
600 665 636 706 si
667 679 774 719 quos
813 664 1081 719 propinquus
1108 663 1298 719 sanguiS,
1330 663 1461 706 etiam
1487 678 1593 718 quos
1619 663 1726 706 invi-

168 725 237 767 dia
269 738 373 780 erga
400 724 614 766 viventem
646 723 861 778 movebat,
892 723 1226 765 inlacrimabunt
1258 722 1473 777 quondam
1503 723 1728 765 florentem

169 786 211 826 et
254 786 322 826 tot
365 783 578 825 bellorum
619 782 895 837 superstitem
939 782 1140 824 muliebri
1180 781 1329 823 fraude
1370 781 1582 823 cecidisse.
1644 782 1729 824 erit

166 843 290 885 vobis
321 843 443 884 locus
475 841 679 897 querendi
713 842 826 897 apud
860 844 1066 893 senatum,
1098 840 1325 883 invocandi
1356 841 1484 896 leges.
1533 855 1621 883 non
1645 841 1727 883 hoc

166 901 445 957 praecipuum
477 901 716 944 amicorum
747 915 903 942 munus
936 902 1018 955 est,
1055 900 1259 955 prosequi
1289 899 1538 942 defunctum
1568 900 1727 955 ignavo

171 963 337 1016 questu,
370 960 443 1003 sed
475 975 584 1015 quae
610 960 795 1002 voluerit
826 960 1083 1014 meminisse,
1115 973 1223 1014 quae
1248 958 1516 1001 mandaverit
1541 959 1727 1014 exsequi.

173 1020 339 1062 flebunt
382 1019 686 1062 Germanicum
728 1019 858 1061 etiam
907 1018 1065 1074 ignoti:
1114 1017 1387 1060 vindicabitis
1430 1032 1529 1072 vos,
1579 1018 1616 1060 si
1658 1033 1727 1060 me

169 1080 314 1134 potius
364 1094 493 1134 quam
542 1078 762 1121 fortunam
812 1092 952 1119 meam
1001 1077 1228 1120 fovebatis.
1306 1076 1517 1118 ostendite
1566 1077 1725 1131 populo

166 1138 360 1180 Romano
406 1138 495 1180 divi
538 1137 728 1193 Augusti
777 1139 952 1191 neptem
1002 1136 1264 1191 eandemque
1307 1135 1532 1190 coniugem
1576 1149 1729 1191 meam,

167 1200 391 1240 numerate
424 1212 497 1240 sex
528 1198 700 1240 liberos.
750 1196 1044 1239 misericordia
1068 1210 1164 1238 cum
1196 1194 1495 1237 accusantibus
1527 1195 1619 1250 erit,
1650 1195 1727 1237 fin-

169 1257 454 1312 gentibusque
482 1257 663 1299 scelesta
688 1256 894 1298 mandata
920 1258 995 1297 aut
1020 1269 1107 1297 non
1134 1254 1305 1296 credent
1329 1254 1526 1296 homines
1547 1261 1623 1296 aut
1640 1268 1728 1297 non

96 1325 140 1357 20
166 1315 419 1372 ignoscent.’
482 1317 677 1358 iuravere
722 1315 870 1369 amici,
914 1315 1108 1356 dextram
1151 1313 1372 1356 morientis
1419 1313 1729 1369 contingentes,

168 1375 370 1430 spiritum
403 1378 501 1417 ante
533 1390 663 1430 quam
694 1374 904 1416 ultionem
937 1374 1182 1416 amissuros.

283 1435 392 1476 Tum
425 1434 477 1477 ad
508 1449 686 1477 uxorem
712 1447 861 1475 versus
887 1447 963 1488 per
988 1432 1241 1474 memoriam
1267 1432 1344 1487 sui,
1375 1446 1452 1487 per
1477 1445 1726 1474 communes

167 1493 327 1535 liberos
360 1495 511 1545 oravit,
544 1495 718 1535 exueret
749 1492 965 1545 ferociam,
998 1492 1203 1534 saevienti
1227 1490 1427 1533 fortunae
1454 1490 1728 1533 submitteret

167 1553 379 1607 animum,
416 1568 500 1595 neu
537 1565 734 1607 regressa
771 1552 815 1593 in
852 1552 1003 1593 urbem
1046 1550 1334 1592 aemulatione
1365 1550 1585 1604 potentiae
1618 1549 1724 1591 vali—

167 1611 306 1653 diores
338 1612 547 1654 inritaret.
608 1611 714 1653 haec
745 1611 889 1665 palam
921 1612 964 1651 et
996 1610 1081 1651 alia
1113 1611 1294 1662 secreto,
1334 1623 1411 1663 per
1443 1622 1551 1664 quae
1584 1611 1727 1650 osten—

121 1680 141 1711 5
168 1670 265 1712 dere
291 1670 543 1713 credebatur
569 1674 732 1712 metum
758 1684 809 1711 ex
829 1669 1013 1711 Tiberio.
1063 1683 1202 1723 neque
1227 1667 1363 1709 multo
1390 1670 1491 1722 post
1515 1667 1728 1724 extingui-

134 1744 138 1749 ’
171 1732 259 1784 tur,
298 1730 466 1786 ingenti
505 1730 625 1772 luctu
665 1728 910 1783 provinciae
952 1730 994 1769 et
1034 1727 1427 1769 circumiacentium
1458 1727 1727 1781 populorum.

170 1788 395 1832 indoluere
415 1791 586 1831 exterae
606 1790 803 1830 nationes
824 1801 1051 1843 regesque:
1077 1789 1201 1828 tanta
1220 1785 1285 1828 illi
1306 1786 1485 1828 comitas
1504 1786 1550 1828 in
1577 1785 1729 1840 socios,

169 1848 452 1890 mansuetudo
478 1848 522 1890 in
548 1848 705 1902 hostis,
736 1847 916 1901 visuque
943 1849 986 1888 et
1012 1845 1162 1888 auditu
1187 1846 1308 1887 iuxta
1333 1845 1606 1900 venerabilis,
1631 1859 1728 1887 cum

170 1907 514 1962 magnitudinem
546 1909 588 1948 et
620 1906 878 1962 gravitatem
910 1919 1100 1947 summae
1133 1904 1329 1946 fortunae
1361 1904 1582 1959 retineret,
1618 1903 1728 1946 invi-

170 1966 282 2008 diam
318 1969 361 2008 et
391 1966 692 2022 adrogantiam
724 1965 944 2020 effugerat.

98 734 141 767 10

98 1030 141 1062 15

97 1433 151 1475 72

100 1976 143 2007 10

217 2059 277 2095 71.
304 2063 336 2094 3.
362 2059 441 2102 fato
461 2058 574 2104 (Abl.)
594 2058 782 2094 concedere
808 2057 910 2093 eines

166 2106 402 2142 natfirlichen
435 2106 557 2140 Todes
596 2106 745 2141 sterben
778 2106 831 2150 (4,
865 2108 910 2140 38

167 2154 242 2188 und
269 2153 378 2198 oster)
404 2152 455 2187 ist
481 2152 660 2188 silbernes
686 2151 831 2188 Latein.

214 2204 247 2236 4.
273 2201 376 2235 intra
393 2200 588 2236 iuventam.
618 2199 796 2236 Derselbe
816 2201 911 2234 Aus-

167 2247 284 2283 druck
309 2251 341 2290 2,
369 2250 426 2282 41.

216 2298 247 2330 5.
285 2295 498 2339 intercipere
534 2305 624 2338 „aus
657 2294 722 2329 der
753 2293 911 2329 Lebens-

167 2341 269 2377 bahn
298 2341 470 2385 reissen“‚
501 2341 571 2376 wie
597 2340 685 2385 Agr.
707 2344 751 2376 43
777 2351 911 2376 veneno

168 2390 385 2434 interceptus
404 2389 479 2423 und
499 2388 606 2433 efter,
629 2389 705 2424 erst
716 2388 768 2422 im
782 2388 911 2423 eilber—

167 2447 240 2472 nen
259 2436 401 2479 Latein,
427 2435 657 2471 namentlich
678 2434 740 2471 bei
759 2435 909 2471 Sueton.

225 2487 278 2518 11.
330 2484 500 2519 bellorum
548 2484 788 2528 superstitem,
839 2483 909 2517 wie

169 2529 291 2567 Germ.
318 2535 338 2566 6
364 2531 538 2576 multique
568 2531 774 2575 superstites
806 2530 910 2566 bello-

169 2589 252 2613 rum
299 2578 495 2622 infamiam
544 2578 669 2623 laqueo
722 2578 908 2621 finierunt.

169 2636 253 2661 ann.
282 2629 319 2670 1,
345 2629 388 2661 61
429 2626 543 2661 cladis
580 2625 657 2660 eius
693 2626 910 2670 superstites.

169 2671 241 2707 Mit
265 2672 349 2708 dem
374 2671 488 2708 Dativ
514 2676 546 2715 5,
566 2675 600 2707 8.
640 2672 762 2708 Germ.
785 2675 839 2707 14.

216 2723 272 2757 15.
298 2721 381 2764 flere
406 2721 500 2756 statt
525 2720 650 2764 deflere
675 2720 770 2754 auch
797 2723 828 2763 6,
858 2723 912 2763 10,

168 2765 238 2801 wie
266 2766 339 2802 Cic.
360 2779 395 2811 p.
416 2766 509 2802 Sest.
530 2770 560 2809 ξ.
582 2770 637 2802 60.

218 2816 273 2847 17.
311 2817 466 2858 neptem,
503 2813 618 2849 durch
655 2813 735 2848 ihre
774 2813 913 2849 Mutter

169 2858 282 2904 Julia,
309 2860 367 2895 die
387 2860 547 2896 Tochter
565 2861 628 2896 des
647 2860 846 2905 Augustus.
867 2880 913 2886 —

982 2067 1044 2092 sex
1069 2057 1211 2099 liberos,
1235 2055 1400 2091 namlich
1418 2055 1483 2103 >die
1503 2055 1641 2092 zuletzt
1659 2066 1725 2101 ge-

982 2104 1097 2139 borne
1121 2103 1223 2138 Julia
1255 2102 1331 2137 und
1363 2103 1424 2138 die
1455 2103 1554 2147 ffinf,
1586 2102 1728 2139 welche

983 2163 1027 2186 zu
1054 2162 1109 2196 cp.
1130 2154 1175 2185 41
1202 2149 1403 2195 angeffihrt
1428 2149 1523 2186 sind.

1033 2213 1088 2245 19.
1120 2209 1265 2244 scelesta
1289 2209 1476 2244 mandata.
1508 2208 1591 2254 Vgl.
1607 2219 1662 2253 cp.
1677 2211 1723 2244 43

983 2257 1164 2292 credidere
1188 2256 1337 2302 quidam
1360 2257 1450 2292 data
1473 2259 1507 2292 et
1531 2267 1555 2291 a
1582 2255 1725 2292 Tiberio

983 2305 1123 2340 occulta
1147 2304 1325 2339 mandata
1350 2306 1411 2339 ott.

1034 2362 1096 2399 72.
1135 2366 1167 2398 2.
1207 2363 1391 2406 ferociam.
1442 2362 1503 2397 Sic
1539 2372 1617 2397 war
1651 2372 1726 2397 von

982 2408 1367 2446 leidenschaftlichem
1387 2408 1611 2454 Charakter3
1633 2412 1664 2453 1,
1679 2413 1724 2444 33

983 2461 1089 2503 atque
1121 2458 1205 2502 ipsa
1237 2455 1451 2502 Aqrippina
1479 2456 1597 2501 paulo
1633 2467 1724 2492 com-

981 2505 1112 2540 motior
1136 2508 1196 2541 ott.

1037 2567 1068 2599 5.
1113 2574 1156 2598 ex
1194 2563 1290 2597 setzt
1332 2562 1483 2598 Tacitus
1526 2561 1622 2598 oster
1663 2562 1725 2598 bei

983 2615 1094 2646 metus
1116 2609 1191 2644 und
1210 2613 1361 2645 metuere
1381 2611 1474 2645 statt
1492 2610 1548 2646 ab.
1575 2609 1662 2655 Vgl.
1681 2621 1726 2645 zu

986 2662 1017 2702 1,
1037 2661 1093 2693 29.
1128 2677 1173 2683 —
1206 2657 1447 2702 extinyuitur,
1479 2668 1541 2692 am
1567 2660 1623 2693 10.
1649 2655 1724 2692 Ok—

982 2705 1090 2741 tober
1115 2704 1180 2739 des
1205 2703 1334 2739 Jahres
1362 2707 1416 2739 19.
1718 2723 1723 2727 -

1033 2763 1064 2794 7.
1108 2757 1323 2793 indolescere
1358 2757 1409 2792 ist
1446 2757 1584 2801 selten,
1628 2756 1726 2793 doch

985 2806 1100 2841 sehon
1125 2803 1187 2840 bei
1212 2803 1350 2840 Cicero.

1034 2862 1066 2894 9.
1091 2858 1243 2902 fortuna
1268 2857 1317 2892 ist
1341 2857 1401 2892 die
1427 2857 1647 2903 ‚‚Stellung“
1671 2856 1724 2892 im
