1786 3120
176 118 259 160 128

607 117 835 154 CORNELII
859 116 1022 153 TACITI
1047 116 1308 153 ANNALIUM

175 226 268 269 fore
306 226 528 269 obtestans
565 226 777 268 vindictae
815 240 1060 281 properam,
1103 225 1192 267 sive
1231 225 1405 267 servitia
1443 228 1631 268 armaret
1667 226 1734 269 vel

130 295 150 328 5
176 285 356 328 militem
394 285 658 340 accenderet,
698 285 787 327 sive
826 285 879 327 ad
917 287 1112 327 senatum
1150 285 1192 325 et
1228 283 1436 339 populum
1472 284 1735 340 pervaderet,

174 344 449 401 naufragium
486 346 529 387 et
566 344 718 386 vulnus
759 346 803 386 et
843 343 1091 386 interfectos
1137 342 1296 385 amieos
1341 343 1577 386 obiciendo:
1601 343 1735 400 quod

177 405 326 446 contra
357 403 595 446 subsidium
627 402 738 445 sibi?
793 402 876 444 nisi
907 402 1007 458 quid
1032 401 1193 444 Burrus
1219 404 1262 443 et
1288 400 1449 444 Seneca
1473 402 1736 458 expedirent3

175 477 282 518 quos
326 462 474 505 statim
517 462 743 517 acciverat,
785 462 996 503 incertum
1038 476 1092 503 an
1131 463 1174 503 et
1212 463 1310 503 ante
1347 461 1536 517 ignaros.

1603 461 1737 517 igitur

175 522 355 578 longum
385 522 606 576 utriusque
638 520 868 575 silentium,
899 534 953 562 ne
984 520 1103 562 inriti
1135 519 1450 575 dissuaderem,
1487 535 1543 562 an
1577 534 1627 563 eo
1667 520 1736 562 de-

109 592 152 624 10
178 595 374 622 scensum
400 580 641 633 credebant,
666 583 723 629 ut,
747 579 832 621 nisi
856 580 1178 633 praeveniretur
1195 578 1449 635 Agrippina,
1474 579 1737 635 pereundum

176 638 338 681 Neroni
376 641 500 681 esset.
560 641 660 693 post
692 636 854 679 Seneca
889 637 1094 680 hactenus
1132 639 1392 693 promptius,
1429 642 1477 680 ut
1505 638 1736 694 respiceret

177 698 363 739 Burrum
395 712 445 739 ac
477 697 766 739 sciscitaretur
798 711 853 738 an
883 696 1010 738 militi
1040 697 1290 751 imperanda
1315 697 1464 740 caedes
1491 700 1616 740 esset.
1665 697 1738 740 ille

177 757 475 811 praetorianos
507 756 589 798 toti
616 754 850 798 Caesarum
882 755 1027 798 domui
1058 755 1287 798 obstrictos
1315 770 1609 812 memoresque
1635 754 1738 798 Ger-

178 815 336 858 manici
366 815 474 857 nihil
506 815 710 858 adversus
742 815 992 870 progeniem
1025 814 1114 856 eius
1146 816 1269 856 atrox
1296 829 1473 858 ausuros
1497 815 1738 870 respondit:

110 885 153 917 15
179 876 443 930 perpetraret
467 873 671 916 Anicetus
703 874 925 929 promissa.
978 874 1051 929 qui
1082 872 1189 915 nihil
1217 876 1438 916 cunctatus
1462 875 1601 929 poscit
1626 888 1738 916 sum-

179 948 295 975 mam
327 933 509 976 sceleris.
565 933 618 975 ad
650 947 744 975 eam
775 947 925 975 vocem
950 932 1066 975 Nero
1094 932 1168 975 illo
1195 932 1278 975 sibi
1303 932 1370 974 die
1394 933 1487 975 dari
1510 933 1738 989 imperium

179 995 480 1048 auctoremque
516 992 629 1035 tanti
668 992 856 1034 muneris
900 992 1104 1034 libertum
1147 991 1388 1047 profitetur:
1433 991 1514 1033 iret
1556 1006 1737 1048 propere

179 1052 434 1107 duceretque
465 1051 810 1107 promptissimos
844 1051 896 1093 ad
926 1051 1056 1093 iussa.
1111 1051 1203 1105 ipse
1236 1050 1381 1093 audito
1412 1050 1577 1093 venisse
1602 1051 1738 1093 missu

180 1111 447 1167 Agrippinae
481 1112 680 1153 nuntium
710 1110 965 1166 Agerinum,
1004 1124 1202 1152 scaenam
1233 1110 1345 1152 ultro
1378 1110 1569 1152 criminis
1600 1111 1737 1165 parat,

109 1180 154 1212 20
181 1170 468 1227 gladiumque,
502 1171 603 1212 dum
633 1170 838 1212 mandata
862 1169 1036 1225 perfert,
1068 1169 1199 1211 abicit
1223 1169 1335 1211 inter
1359 1169 1488 1224 pedes
1514 1169 1616 1224 eius,
1645 1171 1739 1211 tum

181 1230 304 1285 quasi
335 1229 600 1285 deprehenso
632 1229 774 1271 vincla
804 1229 906 1270 inici
937 1229 1069 1284 iubet,
1100 1230 1148 1270 ut
1180 1227 1355 1270 exitium
1387 1227 1591 1283 principis
1617 1227 1736 1270 moli-

179 1291 270 1331 tam
318 1291 499 1331 matrem
549 1290 592 1331 et
639 1288 801 1343 pudore
851 1287 1102 1343 deprehensi
1146 1287 1316 1329 sceleris
1360 1289 1513 1342 sponte
1556 1289 1740 1329 mortem

181 1348 415 1403 sumpsisse
447 1348 720 1404 confingeret.

300 1406 480 1449 Interim
506 1407 685 1463 vulgato
711 1405 979 1461 Agrippinae
1004 1406 1206 1461 periculo,
1237 1405 1358 1461 quasi
1385 1419 1487 1447 casu
1517 1404 1741 1459 evenisset,

182 1468 230 1509 ut
261 1467 439 1522 quisque
472 1468 707 1521 acceperat,
738 1465 960 1507 decurrere
992 1465 1045 1507 ad
1076 1466 1190 1507 litus.
1250 1465 1297 1506 hi
1327 1465 1505 1507 molium
1538 1464 1741 1517 obiectus,

182 1526 229 1568 hi
264 1526 480 1580 proximas
519 1525 700 1580 scaphas
739 1524 958 1578 scandere,
996 1524 1088 1578 alii,
1126 1525 1334 1579 quantum
1371 1537 1524 1578 corpus
1562 1522 1742 1577 sinebat,

184 1584 338 1626 vadere
369 1584 413 1626 in
445 1598 572 1626 mare.
635 1583 808 1638 quidam
843 1597 994 1624 manus
1032 1582 1303 1637 protendere3
1342 1582 1580 1637 questibus,
1615 1580 1742 1635 votis,

183 1644 368 1685 clamore
407 1643 573 1685 diversa
608 1642 889 1698 rogitantium
921 1644 994 1683 aut
1024 1642 1190 1683 incerta
1219 1640 1568 1695 respondentium
1600 1639 1740 1687 omnis

184 1717 260 1745 ora
290 1702 507 1756 compleri.
564 1701 746 1743 adfluere
778 1701 930 1756 ingens
961 1700 1190 1742 multitudo
1217 1714 1312 1742 cum
1336 1699 1581 1754 luminibus,
1612 1700 1741 1755 atquc

183 1761 257 1803 ubi
287 1761 546 1803 incolumem
577 1774 669 1802 esse
700 1760 932 1815 pernotuit,
962 1762 1010 1801 ut
1042 1759 1096 1802 ad
1127 1758 1385 1814 gratandum
1417 1772 1507 1800 sese
1532 1757 1744 1813 expedire,

231 1857 263 1889 4.
290 1854 480 1889 obtestans.
514 1843 614 1888 Uber
632 1852 692 1888 die
706 1852 926 1898 Bedeutung

187 1912 213 1938 s.
239 1912 283 1935 zu
311 1904 371 1945 12,
397 1904 430 1937 5.

235 1952 267 1984 7.
297 1949 507 1993 eoepedirent
537 1947 588 1983 im
621 1946 733 1983 Sinne
764 1958 838 1983 von
869 1947 925 1982 in-

184 1996 348 2031 venirent
382 1995 431 2031 ist
467 1994 548 2030 eine
586 1994 796 2040 Konjektur
834 1995 926 2030 statt

185 2043 250 2079 des
274 2042 532 2078 handschriftl.
558 2052 763 2089 experyens,

234 2093 266 2125 8.
291 2090 468 2125 incertum
485 2101 534 2125 an
548 2090 612 2125 ott.
626 2090 660 2124 d.
675 2091 711 2126 h.
725 2100 812 2124 man
825 2088 928 2124 weiss

186 2136 307 2181 nicht,
335 2138 381 2172 ob
409 2137 461 2172 sie
487 2137 581 2172 auch
605 2149 669 2171 um
694 2136 754 2171 die
778 2136 928 2171 frfihere

187 2183 326 2219 Affaire
353 2184 435 2229 (auf
456 2184 521 2219 der
542 2183 624 2229 See)
650 2183 754 2219 nicht
772 2182 931 2229 gewusst

186 2231 327 2267 hatten.
378 2230 530 2266 Tacitus
561 2231 642 2267 halt
672 2241 710 2266 es
741 2230 801 2266 fiir
824 2232 930 2275 mog-

187 2278 282 2323 lich,
326 2277 407 2313 dass
445 2277 497 2313 sie
535 2277 758 2323 eingeweiht
794 2288 929 2313 waren.

188 2325 268 2360 Den
298 2335 418 2361 neuen
442 2325 535 2360 Plan
569 2325 738 2361 erfahren
771 2324 823 2360 sie
856 2325 931 2360 eret

187 2373 291 2418 jetzt.

240 2424 294 2456 11.
315 2420 534 2465 promptius,
554 2419 632 2456 scil.
653 2419 732 2465 eyit.
772 2418 819 2454 So
838 2417 935 2454 fehlt

193 2467 258 2503 das
276 2466 441 2503 Verbum
468 2468 603 2513 agendi
629 2471 660 2511 1,
681 2470 726 2501 43
751 2466 878 2501 melius
902 2469 934 2501 et

193 2515 378 2550 amantius
402 2515 463 2550 ille
489 2516 553 2560 qui
569 2515 734 2560 yladium
754 2513 932 2558 offerebat.

191 2562 225 2598 S.
252 2561 348 2597 Einl.
375 2565 404 2604 ἓ.
426 2565 481 2597 22.

239 2612 293 2644 12.
326 2610 454 2652 militi,
479 2609 513 2644 d.
539 2609 576 2645 h.
604 2608 723 2644 einem
747 2607 933 2644 Pratoria-

190 2666 257 2691 ner
281 2667 346 2692 aus
371 2656 454 2691 dem
481 2655 646 2702 Gefolge.

240 2706 294 2738 15.
320 2714 495 2739 summam
515 2703 598 2748 „die
617 2703 809 2748 Leitung“.
847 2703 931 2748 Vgl.

191 2749 277 2786 hist.
306 2754 336 2795 1,
359 2754 402 2787 78
427 2761 567 2787 summa
591 2751 830 2796 empeditionis
854 2751 932 2786 An-

191 2798 292 2832 tonio
328 2798 478 2834 Novello
510 2818 555 2824 --
580 2798 769 2844 permissa.
821 2802 859 2842 2,
887 2801 930 2833 33

191 2854 349 2880 summae
379 2856 500 2882 rerum
527 2849 560 2881 et
583 2845 729 2891 imperii
752 2855 788 2881 se
811 2846 933 2890 imum

192 2895 396 2928 reservaret.

1048 1856 1102 1887 18.
1136 1852 1263 1888 audito
1296 1851 1351 1886 als
1378 1850 1566 1886 absoluter
1590 1849 1742 1886 Ablativ

998 1899 1094 1934 auch
1126 1903 1165 1944 2,
1193 1903 1211 1934 7
1243 1899 1319 1934 und
1352 1898 1466 1934 echon
1495 1898 1557 1933 bei
1588 1896 1738 1944 Sallust,

998 1946 1124 1982 Livius
1150 1946 1226 1981 und
1251 1945 1411 1982 Curtius,

1049 1997 1102 2028 19.
1135 2003 1266 2029 scaena
1289 1993 1329 2028 in
1354 1991 1493 2028 diesem
1513 1992 1625 2028 Sinne
1648 1990 1744 2027 auch

999 2041 1038 2075 in
1070 2040 1292 2076 klassischer
1324 2039 1403 2076 Zeit
1426 2052 1455 2075 z.
1481 2038 1522 2075 B.
1559 2038 1657 2075 Cael.
1683 2049 1743 2084 ap.

1002 2087 1075 2123 Cic.
1096 2087 1183 2123 fam.
1210 2091 1244 2132 8,
1273 2091 1328 2132 11,
1354 2091 1373 2122 3
1399 2097 1530 2123 scaena
1554 2086 1609 2122 rei
1631 2085 1743 2122 totius

1000 2136 1086 2171 haec
1117 2135 1206 2179 „der
1239 2145 1352 2180 ganze
1382 2134 1539 2169 Auftritt
1569 2143 1646 2169 war
1674 2132 1743 2168 fol-

1002 2182 1175 2228 gender“.
1230 2182 1407 2227 Haufiger
1439 2181 1491 2216 im
1523 2179 1742 2226 Spatlatein.

1050 2233 1106 2266 20.
1126 2230 1267 2275 perfert
1285 2229 1535 2274 ‚‚ausrichtet“
1555 2227 1624 2263 mit
1635 2227 1743 2263 Wor·

1003 2278 1066 2313 ten
1092 2278 1186 2312 statt
1209 2277 1367 2322 exponit.
1418 2275 1503 2322 Vgl.
1526 2273 1628 2320 Virg.
1647 2273 1739 2310 Aen.

1005 2328 1044 2369 5,
1071 2328 1138 2360 665
1170 2325 1336 2360 incensas
1360 2324 1499 2369 perfert
1528 2331 1637 2358 naves
1660 2320 1743 2357 Eu-

1004 2373 1125 2407 melus.
1175 2371 1255 2408 Liv.
1289 2375 1326 2414 3,
1351 2375 1397 2407 26
1429 2370 1560 2416 equites
1589 2367 1743 2404 Romam

999 2420 1181 2464 pertulere
1206 2419 1385 2455 consulem
1406 2418 1664 2462 exercitamque
1683 2416 1743 2452 ob-

1005 2467 1125 2503 sideri.

1053 2560 1091 2596 8.
1130 2564 1161 2596 2.
1194 2561 1351 2596 obiectus
1375 2559 1428 2594 als
1455 2557 1674 2594 Concretum
1695 2557 1746 2593 ist

1005 2607 1134 2644 selten.
1197 2608 1307 2644 Sonst
1342 2607 1408 2642 hat
1444 2605 1529 2641 Tac.
1567 2616 1636 2640 nur
1673 2604 1745 2641 den

1005 2654 1174 2691 Ablativ:
1200 2659 1241 2698 4,
1261 2658 1316 2690 67.
1342 2653 1425 2689 hist.
1453 2655 1490 2697 5,
1513 2656 1566 2688 14.

1052 2706 1085 2738 4.
1106 2702 1288 2748 questibus
1301 2701 1365 2737 ott.
1391 2699 1534 2745 Wegen
1547 2699 1612 2735 des
1625 2699 1744 2746 Asyn-

1005 2750 1137 2786 detons
1163 2749 1236 2795 vgl.
1261 2748 1356 2784 Einl.
1383 2751 1412 2790 §-
1435 2750 1496 2791 ’11,
1522 2750 1554 2781 2.

1054 2801 1084 2833 ’1.
1107 2800 1150 2833 ut
1167 2795 1381 2832 bezeichnet
1398 2794 1503 2829 nicht
1521 2794 1580 2830 die
1601 2793 1743 2830 schein-

1004 2845 1104 2888 bare,
1125 2843 1283 2879 sondern
1297 2841 1356 2877 die
1370 2840 1561 2877 wirkliche
1575 2840 1743 2877 Absicht.

1004 2891 1087 2937 Vgl.
1126 2895 1164 2936 3,
1192 2893 1236 2925 74
1272 2892 1313 2924 ut
1346 2889 1387 2939 in
1418 2889 1541 2924 limine
1573 2889 1665 2925 belli.
1697 2907 1742 2914 -
