1794 3126
181 116 266 159 160
604 116 833 152 CORNELII
859 115 1022 152 TACITI
1045 114 1307 152 ANNALIUM

179 225 252 280 qui
296 239 364 267 me
406 239 496 267 non
538 226 707 267 tantum
752 225 951 280 praevisa
999 224 1073 267 sed
1118 224 1260 266 subita
1303 224 1500 280 expedire
1544 224 1739 269 docuisti.

180 284 342 327 abavus
374 299 494 327 meus
523 282 747 340 Augustus
773 284 994 340 Agrippae
1026 286 1070 326 et
1099 283 1337 326 Maecenati
1367 298 1572 339 usurpare
1603 285 1741 327 otium

132 353 153 384 5
178 347 279 399 post
309 343 480 386 labores
512 343 746 398 concessit,
779 343 853 385 sed
883 344 928 384 in
960 357 1010 385 ea
1041 343 1132 398 ipse
1165 344 1319 398 aetate,
1349 342 1470 385 cuius
1503 344 1738 387 auctoritas

178 405 372 445 tueretur
409 402 613 458 quidquid
650 402 757 444 illud
796 404 839 444 et
877 402 1184 457 qualecumque
1221 401 1463 456 tribuisset3
1508 416 1558 444 ac
1592 404 1741 446 tamen

178 464 378 504 neutrum
405 461 516 503 datis
538 476 563 502 a
583 476 627 503 se
654 461 858 515 praemiis
879 461 1006 503 exuit.
1046 461 1162 504 bello
1189 463 1231 503 et
1254 461 1452 516 periculis
1478 464 1741 517 meruerant3

180 521 227 562 in
270 521 322 563 iis
361 521 475 562 enim
517 520 690 561 iuventa
726 519 916 575 Augusti
953 522 1126 562 versata
1161 523 1238 563 est.
1299 534 1378 562 nec
1415 519 1524 562 mihi
1566 520 1656 563 tela
1698 523 1742 563 et

179 594 332 622 manus
375 582 475 621 tuae
519 578 756 620 defuissent
798 579 843 620 in
887 579 1017 621 armis
1055 580 1219 634 agenti:
1264 579 1338 621 sed
1382 579 1495 635 quod
1538 594 1740 635 praesens

111 649 154 681 10
181 638 372 681 condicio
410 637 635 693 poscebat,
671 638 836 679 ratione
869 637 1047 680 consilio
1084 639 1323 693 praeceptis
1361 637 1607 694 pueritiam,
1643 639 1742 682 dein

179 698 397 740 iuventam
428 710 569 738 meam
599 696 756 738 fovisti.
806 698 849 738 et
878 698 955 738 tua
985 696 1156 752 quidem
1186 711 1289 753 erga
1319 712 1386 739 me
1417 712 1609 753 munera,
1641 697 1742 741 dum

179 756 270 798 vita
295 758 507 811 suppetet,
539 757 714 798 aeterna
741 757 881 797 erunt:
915 770 1024 811 quae
1050 770 1075 797 a
1106 770 1173 798 me
1197 756 1344 812 habes,
1374 756 1491 799 horti
1518 759 1562 799 et
1591 757 1741 800 faenus

180 818 223 857 et
246 815 390 870 villae,
416 815 588 858 casibus
615 815 803 857 obnoxia
829 817 940 857 sunt.
984 829 1033 857 ac
1059 814 1162 857 licet
1186 815 1323 858 multa
1349 815 1589 870 videantur,
1615 817 1741 871 pleri-

181 889 261 930 que
299 874 632 930 haudquaquam
666 874 832 916 artibus
870 874 957 916 tuis
993 888 1119 928 pares
1156 874 1281 929 plura
1316 877 1556 917 tenuerunt.
1610 875 1744 930 pudet

111 943 154 975 15
179 934 338 976 referre
375 934 619 988 libertinos,
656 933 728 988 qui
765 933 942 975 ditiores
976 935 1239 988 spectantur3
1278 933 1389 975 unde
1426 933 1557 976 etiam
1593 934 1743 977 rubori

180 993 289 1035 mihi
315 995 381 1035 est
406 993 519 1048 quod
550 993 804 1047 praecipuus
831 993 1009 1034 caritate
1034 992 1225 1035 nondum
1251 1007 1399 1034 omnes
1425 991 1603 1035 fortuna
1627 995 1744 1036 ante-

178 1052 316 1107 cellis,
359 1052 445 1094 nisi
488 1051 598 1094 forte
637 1053 711 1094 aut
747 1054 791 1093 te
828 1050 1007 1094 Vitellio
1045 1054 1111 1094 ter
1147 1052 1313 1094 consuli
1351 1053 1425 1093 aut
1461 1065 1528 1093 me
1565 1050 1743 1095 Claudio

178 1111 421 1166 postponis,
471 1113 515 1152 et
558 1113 767 1165 quantum
810 1110 991 1153 Volusio
1036 1111 1169 1166 longa
1211 1111 1476 1166 parsimonia
1520 1111 1743 1166 quaesivit,

179 1173 349 1212 tantum
381 1171 427 1212 in
457 1172 500 1212 te
532 1184 628 1212 mea
658 1170 898 1212 liberalitas
930 1170 1097 1225 explere
1128 1184 1218 1212 non
1248 1172 1403 1225 potest.

300 1229 463 1271 Verum
490 1231 532 1271 et
563 1229 644 1272 tibi
668 1229 814 1271 valida
839 1232 958 1271 aetas
983 1230 1194 1284 rebusque
1227 1231 1269 1271 et
1300 1229 1458 1271 fructui
1482 1244 1625 1271 rerum
1657 1229 1743 1272 suf-

181 1289 346 1343 ficiens,
386 1291 429 1330 et
459 1303 540 1331 nos
571 1288 712 1343 prima
742 1288 911 1344 imperii
943 1289 1085 1344 spatia
1114 1288 1396 1344 ingredimur:
1434 1289 1630 1344 quin‚‘''.si
1660 1303 1745 1344 qua

180 1348 226 1390 in
255 1350 378 1403 parte
403 1347 616 1390 lubricum
642 1348 959 1390 adulescentiae
985 1349 1158 1390 nostrae
1191 1347 1389 1401 declinat,
1419 1362 1595 1390 revocas
1621 1362 1744 1390 orna-

178 1409 357 1462 tumque
393 1407 526 1449 robur
564 1407 754 1450 subsidio
793 1407 1015 1463 inpensius
1047 1407 1190 1463 regis?
1251 1421 1340 1450 non
1377 1409 1455 1448 tua
1492 1407 1743 1463 moderatio,

110 1229 167 1271 56

179 1558 272 1594 lich:
305 1559 372 1594 das
404 1558 542 1594 besitze
567 1559 629 1594 ich
654 1559 710 1594 als
736 1559 802 1594 das
829 1560 926 1594 erste
998 1559 1088 1593 mihi
1113 1562 1295 1594 aeternam
1319 1569 1391 1594 esse
1415 1570 1628 1594 aerumnam
1655 1568 1742 1604 pro-

180 1606 375 1642 Geschenk
400 1617 475 1641 von
500 1606 568 1643 dir.

995 1606 1152 1650 positam
1185 1606 1403 1648 arbitrarer,
1439 1609 1550 1641 morte
1584 1616 1639 1641 me
1667 1606 1745 1651 ipse

227 1670 260 1701 3.
282 1665 468 1710 praevisa.
506 1656 606 1700 Uber
632 1664 703 1699 den
730 1663 926 1700 Gebraueh
991 1653 1119 1698 POtWS
1143 1664 1253 1698 quam
1270 1654 1484 1698 sempiterffl
1508 1653 1631 1688 d⁰l⁰re
1653 1653 1743 1688 ”ml-

180 1713 244 1748 des
269 1712 453 1748 Verbums
479 1723 505 1748 s.
531 1724 561 1749 z.
589 1715 646 1755 12,
669 1715 724 1747 40.
753 1732 797 1737 —
824 1722 926 1757 empe-

179 1761 259 1796 dire
283 1760 377 1795 statt
400 1770 595 1804 exponere,
626 1758 695 1794 wie
721 1763 754 1802 4,
783 1763 801 1794 1
827 1770 927 1794 nune

179 1807 372 1853 originem,
401 1817 515 1842 mores
541 1827 584 1831 -—
611 1806 818 1851 expediam,
850 1806 926 1841 und

181 1854 285 1890 efter.
320 1854 366 1890 So
389 1854 484 1888 auch
505 1855 686 1889 zerstreut
704 1853 765 1889 bei
786 1853 927 1898 cicero,

183 1901 324 1937 Sallust
347 1901 424 1936 und
448 1900 588 1937 Livius.

228 1965 260 1996 6.
287 1963 447 1996 tueretur
481 1959 801 2006 ‚,rechtfertigte“.

181 2007 273 2043 Sinn
296 2008 363 2043 ist:
395 2009 585 2053 Augustus
617 2007 722 2043 hatte
755 2007 814 2042 die
842 2007 927 2042 Ein-

179 2055 312 2090 kfinfte
332 2054 451 2091 seiner
471 2055 691 2100 Gfinstlinge
717 2054 927 2090 schmalern

180 2103 347 2146 konnem
380 2102 469 2137 aber
496 2113 535 2138 er
566 2102 634 2137 hat
665 2113 702 2138 es
726 2102 832 2137 nicht
863 2113 927 2146 ge-

180 2150 291 2184 than:
327 2149 397 2185 wie
422 2149 499 2185 viel
524 2149 689 2195 weniger
719 2149 841 2184 dfirfte
867 2149 929 2184 ich

182 2208 230 2232 88.
253 2217 296 2222 -
319 2197 499 2242 quidquid
511 2198 618 2240 illud,
639 2197 815 2232 verkfirzt
834 2198 928 2231 statt

181 2244 362 2289 quidquid
386 2245 481 2279 illud
499 2248 577 2279 erat
601 2245 706 2289 quod.
746 2243 780 2278 S.
802 2256 847 2279 zu
872 2247 925 2288 12,

182 2295 227 2327 36
252 2292 335 2337 quis
358 2292 429 2327 ille.

231 2354 286 2385 11.
312 2361 464 2386 munera
488 2350 562 2385 fast
587 2367 631 2379 =
656 2350 797 2385 merita.

233 2413 287 2444 12.
313 2409 411 2453 vita,
436 2408 600 2444 namlich
624 2420 714 2444 mea.
746 2427 792 2435 —-
826 2408 927 2444 Statt

181 2460 367 2502 suppetere
409 2457 475 2491 hat
512 2456 596 2492 Tac.
634 2455 673 2491 in
712 2456 926 2491 demselben

183 2503 294 2539 Sinne
314 2505 563 2549 suppeditare:
585 2507 639 2547 15,
656 2508 698 2538 11
719 2504 831 2539 donee
849 2504 927 2539 vita

181 2552 393 2597 suppeditet.
443 2551 527 2586 hist.
563 2556 593 2594 1,
629 2555 647 2586 1
684 2551 815 2597 quodsi
851 2551 928 2586 vita

182 2599 395 2644 suppeditet.
429 2598 544 2634 Beide
563 2598 689 2634 Verba
708 2599 846 2634 ebenso
866 2597 927 2633 bei

183 2645 322 2681 Cicero.
360 2666 406 2671 -—
445 2649 593 2681 aeterna
624 2646 725 2681 statt.
751 2648 928 2691 perpetua

184 2693 415 2738 „dauernd“‚
453 2705 523 2727 nur
551 2693 591 2727 in
615 2692 741 2738 Bezug
771 2693 839 2727 auf
868 2692 929 2727 die

183 2739 307 2775 Dauer
349 2740 413 2775 des
456 2739 736 2775 menschlichen
772 2739 927 2775 Lebens.

185 2786 232 2821 So
251 2787 356 2822 nicht
381 2787 477 2823 blofs
502 2787 554 2822 im
581 2786 766 2822 silbernen
784 2786 928 2832 Latein,

185 2833 342 2868 sondern
376 2834 488 2870 sehon
522 2834 585 2869 bei
622 2834 694 2870 den
723 2834 927 2870 Komikern

184 2880 260 2915 und
280 2880 353 2916 Cic.
374 2882 461 2926 post
478 2882 555 2916 red.
577 2881 617 2917 in
637 2892 714 2918 sen.
737 2885 780 2916 14
799 2881 929 2927 quodsi

852 1959 928 1995 Der

998 1704 1136 1735 tassem.

1048 1751 1102 1783 16.
1129 1748 1335 1783 antecellere
1365 1747 1436 1782 mit
1468 1746 1554 1783 dem
1585 1748 1745 1783 Accusa-

998 1794 1054 1829 tiv
1080 1795 1175 1830 auch
1206 1793 1294 1830 hist.
1321 1798 1354 1838 2,
1381 1798 1402 1829 3
1435 1794 1503 1830 wie
1533 1795 1595 1830 bei
1619 1794 1742 1831 Valer.

998 1840 1095 1877 Max.
1116 1840 1193 1876 und
1219 1842 1304 1877 dem
1328 1842 1471 1877 alteren
1490 1842 1643 1879 Plinius.
1679 1842 1745 1877 Bei

1001 1888 1127 1924 Cicero
1165 1901 1236 1924 nur
1273 1888 1343 1924 mit
1383 1889 1468 1924 dem
1505 1889 1616 1925 Dativ
1655 1889 1745 1925 oder

999 1936 1160 1972 absolut.

1049 1987 1103 2018 17.
1130 1983 1170 2018 L.
1198 1983 1390 2028 Vitellius,
1422 1982 1539 2019 Vater
1569 1983 1634 2019 des
1661 1986 1746 2030 spa.—

999 2031 1104 2066 teren
1124 2030 1283 2074 Kaisers,
1309 2042 1387 2066 war
1411 2030 1472 2066 8111
1492 2030 1748 2067 Schmeichler

1000 2078 1075 2113 und
1116 2077 1315 2123 Giinstling
1352 2078 1416 2113 des
1456 2078 1649 2123 Claudius,
1691 2078 1744 2113 im

1000 2125 1032 2162 J.
1060 2129 1103 2160 47
1131 2137 1212 2171 zum
1239 2125 1458 2160 drittenmal
1482 2125 1635 2161 Konsul.

1050 2176 1104 2208 18.
1131 2171 1230 2207 Uber
1260 2173 1300 2207 L.
1334 2173 1526 2218 Volusius,
1558 2172 1610 2208 im
1639 2171 1674 2208 J.
1700 2175 1746 2208 56

999 2220 1217 2265 gestorben‚
1244 2231 1270 2255 s.
1297 2231 1341 2254 zu
1370 2223 1424 2264 13,
1451 2223 1508 2256 30.

1049 2271 1102 2302 19.
1142 2268 1281 2312 eaeplere
1323 2267 1408 2310 „ein
1451 2266 1548 2302 Mars
1590 2266 1743 2311 ffillen“,

998 2314 1079 2349 hier
1111 2314 1189 2350 also
1222 2313 1471 2360 „erreichen“.
1521 2314 1605 2360 Vgl.
1639 2313 1742 2350 Caes.

996 2361 1031 2398 b.
1060 2372 1090 2396 c.
1116 2366 1149 2406 3,
1170 2365 1192 2396 4
1218 2372 1309 2404 cum,
1334 2372 1436 2407 quem
1460 2372 1576 2407 supra
1599 2361 1742 2398 demon-

997 2410 1204 2453 stravimus,
1215 2419 1403 2445 numerum
1416 2410 1628 2455 expleverat.
1638 2407 1742 2454 Virg.

998 2458 1088 2491 Aen.
1115 2460 1148 2501 6,
1174 2460 1242 2492 545
1268 2456 1413 2501 explebo
1436 2467 1636 2492 numerum.

1046 2548 1109 2586 56.
1152 2554 1181 2586 1.
1214 2551 1319 2587 rebus
1357 2551 1452 2596 „den
1483 2549 1742 2586 Geschafteffl.

998 2598 1141 2641 fructui
1151 2598 1258 2642 „dem
1271 2597 1585 2634 wohlverdienten
1593 2597 1743 2633 Lohne“

999 2644 1059 2679 ffir
1083 2645 1190 2680 deine
1214 2644 1505 2690 Mt‘ihewaltung.

1049 2696 1080 2727 3.
1108 2692 1296 2728 lubricum.
1329 2691 1473 2728 Ebenso
1499 2696 1532 2736 6,
1557 2695 1602 2727 49
1628 2692 1742 2728 lubri-

1001 2750 1082 2775 cum
1112 2740 1288 2776 iuventae.
1333 2739 1367 2775 S.
1393 2751 1437 2774 zu
1463 2742 1519 2784 13,
1544 2742 1565 2774 2
1599 2739 1742 2775 lubrica

1001 2790 1110 2822 aetas.

1047 2837 1079 2869 4.
1112 2834 1223 2870 robur
1254 2836 1318 2870 ctt.
1368 2832 1436 2868 Die
1470 2833 1741 2871 Konstruktion

999 2880 1064 2916 ist:
1084 2882 1196 2917 robwr
1214 2892 1328 2917 meum
1349 2881 1483 2926 (meine
1497 2879 1740 2927 jugendliohe
