1806 3120
201 110 285 153 168

637 111 864 148 CORNELII
889 111 1048 148 TACITI
1072 111 1335 148 ANNALIUM

158 229 180 261 5
205 219 448 262 inmensum
467 219 617 275 viguit,
642 221 807 275 primus
833 220 1145 263 adcumulator.
1183 219 1383 275 Crispum
1409 220 1598 275 equestri
1617 223 1762 264 ortum

205 278 299 321 loco
332 277 377 320 G.
409 277 659 333 Sallustius,
701 294 843 321 rerum
888 278 1183 320 Romanorum
1226 278 1556 321 florentissimus
1601 282 1763 335 auctor,

133 1100 189 1142 31

203 337 363 379 sororis
407 339 611 392 nepotem
652 338 694 379 in
736 352 896 380 nomen
935 337 1129 379 adscivit.

1202 340 1330 393 atque
1372 337 1444 380 ille
1452 371 1462 392 ‚
1500 351 1762 393 quamquam

201 397 405 451 prompto
431 396 481 437 ad
517 396 803 450 capessendos
828 396 1014 438 honores
1046 395 1177 448 aditu,
1203 395 1494 438 Maecenatem
1521 398 1762 440 aemulatus

203 454 297 496 sine
328 454 541 509 dignitate
579 455 798 497 senatoria
828 455 990 497 multos
1027 454 1354 509 triumphalium
1386 455 1762 511 consulariumque

132 525 177 556 10
202 513 398 568 potentia
439 514 609 567 anteiit,
648 514 839 555 diversus
878 528 904 555 a
934 514 1127 555 veterum
1170 513 1372 556 instituto
1409 528 1487 568 per
1524 514 1687 556 cultum
1720 517 1764 556 et

202 571 439 614 munditias
471 572 677 627 copiaque
709 575 753 614 et
784 572 1006 614 affluentia
1035 572 1139 613 luxu
1169 572 1355 627 propior.
1412 572 1587 614 suberat
1616 575 1763 615 tamen

200 631 326 685 vigor
362 631 494 672 animi
529 631 775 686 ingentibus
807 631 992 686 negotiis
1023 645 1119 685 par,
1162 645 1212 672 eo
1245 631 1402 685 acrior,
1447 645 1531 686 quo
1564 646 1763 674 somnum

201 691 246 731 et
293 689 493 731 inertiam
543 690 683 744 magis
734 690 996 731 ostentabat.

1081 689 1217 744 igitur
1264 690 1468 732 incolumi
1515 689 1764 733 Maecenate

201 747 433 802 proximus,
466 762 566 790 mox
596 748 851 803 praecipuus
883 748 952 790 cui
990 750 1154 790 secreta
1192 748 1501 803 imperatorum
1532 749 1764 790 inniteren-

131 817 177 849 15
203 809 276 848 tur
301 809 344 847 et
374 806 659 849 interficiendi
683 806 881 848 Postumi
908 806 1128 862 Agrippae
1155 807 1364 861 conscius,
1391 809 1533 849 aetate
1557 809 1764 862 provecta

204 864 391 919 speciem
423 865 564 920 magis
596 865 641 906 in
673 865 864 907 amicitia
895 865 1103 920 principis
1135 879 1265 920 quam
1295 865 1384 908 vim
1422 866 1574 909 tenuit.
1634 866 1764 921 idque

203 925 247 965 et
283 923 525 965 Maecenati
569 924 800 979 acciderat,
842 923 933 965 fato
971 923 1189 978 potentiae
1230 937 1327 966 raro
1367 925 1670 980 sempiternae,
1708 939 1765 967 an

203 982 337 1024 satias
376 981 492 1036 capit
531 984 607 1024 aut
643 983 759 1036 illos,
800 997 897 1024 cum
941 982 1087 1024 omnia
1124 982 1390 1038 tribuerunt,
1429 985 1503 1025 aut
1538 983 1636 1039 hos,
1667 997 1766 1026 cum

203 1041 290 1083 iam
322 1040 430 1082 nihil
460 1041 673 1095 reliquum
705 1043 771 1083 est
803 1041 917 1096 quod
949 1041 1133 1095 cupiant.

327 1098 529 1154 Sequitur
554 1099 700 1142 Tiberi
726 1102 916 1155 quartus,
945 1098 1078 1141 Drusi
1105 1099 1314 1142 secundus
1340 1100 1602 1154 consulatus,
1626 1100 1765 1155 patris

208 1160 337 1213 atque
369 1158 446 1199 filii
478 1158 661 1214 collegio
687 1158 884 1214 insignis.
939 1172 1041 1200 nam
1071 1158 1246 1200 biennio
1274 1161 1374 1200 ante
1400 1157 1645 1200 Germanici
1670 1173 1767 1201 cum

207 1216 379 1259 Tiberio
420 1217 535 1258 idem
577 1217 714 1260 honor
755 1231 894 1272 neque
937 1219 1092 1272 patruo
1137 1217 1275 1259 laetus
1313 1231 1447 1270 neque
1483 1219 1639 1259 natura
1675 1222 1766 1259 tam

203 1290 388 1318 conexus
419 1275 574 1318 fuerat.

641 1276 731 1318 eius
764 1275 864 1317 anni
904 1275 1117 1330 principio
1149 1275 1346 1317 Tiberius
1379 1276 1503 1330 quasi
1532 1275 1768 1318 firmandae

155 1351 177 1383 5
202 1334 439 1376 valetudini
458 1334 502 1376 in
524 1333 809 1389 Campaniam
836 1335 1063 1389 concessit,
1086 1335 1264 1389 longam
1285 1336 1327 1376 et
1347 1335 1595 1376 continuam
1615 1334 1768 1376 absen-

204 1393 310 1435 tiam
347 1393 557 1448 paulatim
597 1393 828 1448 meditans,
866 1396 954 1435 sive
993 1396 1042 1434 ut
1079 1396 1223 1435 amoto
1261 1395 1385 1447 patre
1416 1392 1583 1435 Drusus
1619 1392 1768 1436 munia

132 1645 178 1677 10

206 1452 456 1494 consulatus
489 1452 607 1493 solus
639 1452 850 1506 impleret.
901 1466 950 1493 ac
974 1451 1086 1494 forte
1111 1466 1245 1507 parva
1275 1466 1343 1493 res
1368 1465 1575 1507 magnum
1600 1451 1653 1493 ad
1680 1466 1768 1494 cer-

203 1513 349 1552 tamen
388 1523 618 1565 progressa
655 1510 859 1564 praebuit
896 1510 1040 1552 iuveni
1078 1510 1302 1552 materiem
1343 1510 1564 1565 apiscendi
1594 1510 1769 1553 favoris.

204 1567 424 1611 Domitius
458 1567 650 1611 Corbulo
683 1571 884 1623 praetura
921 1569 1094 1610 functus
1128 1569 1180 1610 de
1211 1568 1257 1610 L.
1290 1568 1410 1611 Sulla
1444 1568 1584 1611 nobili
1614 1569 1768 1611 iuvene

205 1629 381 1683 questus
414 1629 480 1669 est
513 1628 624 1681 apud
665 1630 878 1682 senatum,
911 1627 1023 1683 quod
1062 1627 1146 1669 sibi
1183 1627 1295 1668 inter
1337 1627 1579 1681 spectacula
1609 1627 1769 1682 gladia·

205 1690 349 1728 torum
380 1686 473 1728 loco
509 1700 596 1728 non
623 1686 890 1728 decessisset.
939 1700 1016 1741 pro
1044 1684 1288 1728 Corbulone
1315 1688 1447 1741 aetas,
1471 1686 1637 1740 patrius
1662 1700 1771 1741 mos,

205 1745 350 1787 studia
380 1744 597 1786 seniorum
631 1748 770 1799 erant3
802 1746 953 1787 contra
983 1744 1226 1786 Mamercus
1255 1743 1438 1786 Scaurus
1465 1746 1509 1786 et
1533 1743 1579 1786 L.
1605 1743 1770 1786 Arrun-

205 1804 293 1846 tius
326 1803 484 1858 aliique
510 1802 653 1845 Sullae
686 1803 918 1859 propinqui
949 1803 1211 1845 nitebantur.
1267 1803 1578 1858 certabantque
1611 1803 1769 1845 oratio-

254 1933 285 1967 5.
336 1931 549 1967 inmensam.
606 1931 640 1966 S.
667 1942 712 1965 zu
737 1941 794 1976 cp.
820 1934 876 1966 26.
905 1951 949 1956 —

206 1978 460 2013 adcumulator
484 1977 535 2012 ist
560 1973 623 2013 ἅπ.
646 1976 712 2021 elo.

255 2041 287 2072 6.
337 2036 621 2081 florentissimas.
677 2036 768 2071 Dass
799 2035 950 2071 Tacitus

205 2083 277 2118 den
289 2083 499 2119 Historiker
519 2083 658 2118 Sallust
678 2084 763 2119 sehr
785 2084 950 2119 schatzte

204 2130 282 2165 und
320 2129 430 2175 eifrig
467 2130 626 2165 studiert
658 2130 783 2175 hatte,
821 2130 950 2176 zeigen

205 2177 267 2212 die
296 2176 530 2212 zahlreichen
552 2176 783 2222 Ausdrfioke‚
808 2177 950 2213 welche

206 2234 247 2259 er
273 2235 338 2259 aus
362 2223 442 2258 ihm
467 2223 638 2259 entlehnt
661 2224 737 2260 hat.

257 2286 287 2317 7.
339 2282 512 2326 adscivit,
537 2281 607 2316 wie
635 2286 672 2326 1,
708 2286 751 2317 31
779 2284 821 2317 in
845 2294 952 2318 suum

205 2332 477 2411 {eygigmefntum
511 2329 667 2364 adscisci
707 2330 950 2375 imperatores.

232 2403 241 2421 ‚
316 2403 324 2411 .

254 2437 286 2469 8.
314 2434 526 2478 Maecenas,
553 2434 608 2469 als
628 2433 888 2479 Stadtprafekt
912 2434 951 2470 in

207 2481 279 2516 den
303 2481 442 2516 Jahren
462 2485 507 2516 36
531 2481 608 2516 und
627 2485 670 2516 31
691 2492 765 2516 von
790 2481 951 2526 grossem

207 2527 412 2563 amtlichen
435 2527 611 2572 Einfiul's‚
638 2528 759 2563 einem
784 2528 954 2564 Minister

205 2576 271 2610 des
313 2576 446 2611 Innern
484 2587 529 2610 zu
562 2574 817 2620 vergleichen,
851 2575 952 2611 blieb

205 2633 319 2667 eques
343 2622 544 2658 Romanus.

257 2683 311 2715 15.
356 2681 528 2726 Ayrippa
560 2680 757 2716 Postumus
790 2691 869 2715 war
898 2680 951 2715 im

205 2727 238 2763 J.
267 2731 312 2762 14
347 2728 414 2762 auf
440 2726 574 2763 Befehl
605 2728 669 2763 des
694 2727 863 2763 Tiberius
897 2738 951 2762 er-

206 2774 363 2810 mordet.
417 2774 557 2810 Sallust
583 2774 745 2819 empfing
770 2774 842 2809 den
861 2773 950 2809 Auf-

206 2822 292 2865 trag
317 2821 410 2856 dazu
434 2822 509 2856 und
534 2821 617 2856 liefs
638 2821 697 2857 die
717 2821 817 2857 That
835 2821 951 2856 durch

208 2867 318 2903 einen
345 2867 518 2903 Centurio
544 2867 754 2904 ausffihren.

1073 1933 1126 1965 18.
1154 1930 1281 1974 satias,
1296 1930 1355 1965 ein
1366 1929 1770 1974 unklassischesWort‚

1025 1978 1126 2012 steht
1150 1976 1232 2012 hier
1257 1977 1379 2011 zuerst
1403 1976 1465 2012 bei
1490 1975 1653 2021 Tacitus,
1677 1977 1769 2012 aber

1023 2024 1155 2059 immet
1180 2035 1221 2059 so
1252 2023 1290 2058 in
1316 2024 1389 2058 den
1413 2024 1601 2067 Annalem
1632 2024 1672 2059 in
1696 2023 1770 2060 den

1023 2071 1196 2106 frfiheren
1222 2069 1410 2106 Schriften
1441 2070 1601 2106 braucht
1631 2081 1671 2106 er
1699 2081 1770 2106 nm·

1023 2119 1189 2162 satietas,
1215 2117 1375 2153 welches
1407 2117 1503 2152 auch
1533 2118 1573 2153 in
1597 2118 1670 2153 den
1694 2118 1769 2152 An-

1022 2165 1134 2200 nalen
1170 2177 1236 2200 zur
1260 2164 1423 2210 Bildung
1454 2164 1519 2200 der
1543 2175 1649 2200 casus
1674 2164 1768 2200 obli-

1024 2212 1087 2257 qui
1113 2212 1226 2247 dient.

1070 2259 1135 2295 31.
1160 2262 1192 2293 2.
1238 2259 1392 2294 biennio.
1438 2257 1589 2294 Tacitus
1612 2257 1770 2294 reclinet

1024 2317 1087 2350 so,
1114 2305 1195 2341 dass
1226 2304 1408 2340 zwiechen
1435 2308 1478 2340 18
1503 2304 1579 2339 und
1605 2308 1649 2340 21
1675 2304 1769 2340 zwei

1022 2353 1136 2434 Jahfie
1156 2351 1298 2398 liegen;
1312 2351 1381 2386 wir
1400 2362 1530 2397 sagen:
1556 2350 1636 2386 drei
1653 2351 1768 2388 Jahre

1022 2411 1090 2436 vor
1117 2410 1165 2435 er.

1072 2451 1103 2481 9.
1161 2445 1315 2481 Corbulo
1364 2443 1413 2480 ist
1461 2444 1654 2480 vielleicht
1701 2445 1769 2480 der

1024 2493 1140 2528 Vater
1159 2492 1223 2527 des
1243 2491 1543 2537 gleichnamigen
1561 2491 1765 2528 Feldherrn

1023 2540 1132 2575 unter
1168 2538 1343 2574 Claudius
1380 2538 1455 2573 und
1490 2539 1601 2574 Nero.
1640 2559 1683 2565 —
1721 2538 1767 2574 L.

1025 2586 1131 2623 Sulla
1166 2597 1244 2621 war
1281 2585 1443 2621 Urenkel
1480 2586 1544 2621 des
1581 2586 1621 2622 P.
1652 2584 1769 2632 Sulla,

1025 2633 1097 2668 den
1129 2632 1257 2668 Cicero
1288 2632 1327 2667 in
1353 2631 1473 2668 einem
1499 2631 1765 2668 Hochverrats-

1024 2690 1193 2725 prozesse
1217 2681 1363 2724 (wegen
1382 2679 1602 2715 Teilnahme
1626 2689 1672 2714 an
1695 2679 1767 2714 den

1025 2726 1239 2762 Umtrieben
1266 2726 1331 2761 des
1352 2725 1528 2772 Catilina)
1547 2725 1618 2761 mit
1636 2725 1770 2772 Erfolg

1023 2772 1225 2818 verteidigt
1249 2773 1365 2808 hatte.

1073 2824 1127 2857 12.
1153 2811 1254 2855 Uber
1279 2819 1443 2856 Scaurus
1470 2820 1544 2855 und
1562 2819 1769 2856 Arruntius

1025 2878 1052 2902 s.
1079 2879 1123 2902 zu
1151 2871 1181 2910 1,
1210 2870 1263 2902 13.
