1768 3120
105 1104 161 1146 36

175 107 233 150 64

621 107 852 145 CORNELII
875 107 1037 144 TACITI
1056 107 1318 144 ANNALIUM

174 217 338 259 tricena
369 218 444 259 aut
475 232 604 272 supra
636 217 847 272 stipendia
876 219 1167 272 numerantes,
1206 216 1446 259 mederetur
1482 215 1608 259 fessis
1645 230 1730 260 neu

103 287 147 319 10
173 278 356 319 mortem
395 276 440 318 in
478 276 613 319 isdem
653 276 889 331 laboribus,
926 276 1000 318 sed
1031 276 1160 318 finem
1191 279 1282 318 tam
1313 275 1520 317 exercitae
1551 275 1730 318 militiae

171 349 307 391 neque
344 335 518 390 inopem
555 336 746 391 requiem
786 335 979 378 orabant.
1040 335 1159 378 fuere
1197 335 1329 377 etiam
1366 334 1439 390 qui
1477 334 1667 391 legatam
1704 349 1731 378 a

172 394 270 436 divo
310 394 509 451 Augusto
550 395 777 449 pecuniam
816 398 1106 449 reposcerent,
1147 394 1302 436 faustis
1342 394 1388 436 in
1428 392 1731 436 Germanicum

174 453 406 508 ominibus3
444 456 488 496 et
518 454 555 495 si
585 454 715 496 vellet
754 454 998 508 imperium,
1037 456 1257 508 promptos
1297 454 1577 497 ostentavere.
1637 455 1730 496 tum

174 527 286 567 vero,
318 513 440 568 quasi
472 513 630 555 scelere
662 513 1041 567 contaminaretur,
1070 526 1274 567 praeceps
1306 511 1514 553 tribunali
1545 511 1731 554 desiluit.

105 582 147 614 15
175 573 468 627 opposuerunt
498 572 673 614 abeunti
704 586 835 627 arma,
867 572 1129 626 minitantes,
1159 571 1204 613 ni
1234 569 1548 627 regrederetu13
1581 573 1627 613 at
1657 570 1731 613 ille

175 631 433 673 moriturum
472 632 616 686 potius
659 645 786 686 quam
826 631 953 673 fidem
997 632 1169 672 exueret
1212 630 1458 684 clamitans,
1500 629 1663 672 ferrum
1705 645 1731 672 a

174 691 308 733 latere
342 689 517 745 diripuit
549 690 791 745 elatumque
824 690 1042 732 deferebat
1065 689 1111 731 in
1135 692 1299 745 pectus,
1329 689 1374 731 ni
1398 689 1583 744 proximi
1607 702 1732 744 pren-

179 764 273 791 sam
306 749 499 791 dextram
530 749 573 791 vi
604 749 892 792 attinuissent.
954 751 1144 791 extrema
1175 751 1219 791 et
1250 748 1512 804 conglobata
1542 748 1657 790 inter
1687 761 1733 790 se

175 822 274 863 pars
306 808 520 851 contionis
553 822 619 863 ac,
651 808 723 850 vix
754 808 953 850 credibile
985 808 1122 862 dictu,
1154 808 1329 862 quidam
1362 807 1523 863 singuli
1553 806 1731 862 propius

103 878 150 909 20
175 867 439 921 incedentes,
482 866 629 909 feriret
667 867 972 922 hortabantur3
1016 869 1059 909 et
1102 867 1227 909 miles
1269 866 1442 909 nomine
1487 864 1732 908 Calusidius

178 926 373 968 strictum
413 926 572 968 obtulit
608 926 820 981 gladium,
858 926 1004 968 addito
1042 925 1277 968 acutiorem
1315 940 1421 968 esse.
1482 939 1658 968 saevum
1688 925 1734 968 id

177 985 362 1040 malique
402 985 533 1027 moris
576 985 708 1027 etiam
748 985 988 1028 furentibus
1026 986 1183 1039 visum,
1224 999 1274 1027 ac
1311 985 1498 1040 spatium
1536 984 1619 1026 fuit
1648 998 1732 1039 quo

177 1042 337 1087 Caesar
369 1044 422 1086 ab
455 1044 602 1086 amicis
634 1044 679 1085 in
709 1045 1036 1087 tabernaculum
1066 1046 1301 1098 raperetur.

296 1101 600 1146 Consultatum
637 1103 699 1145 ibi
736 1102 787 1145 de
824 1102 1034 1158 remedi03
1073 1103 1231 1145 etenim
1269 1102 1550 1144 nuntiabatur
1586 1101 1733 1156 parari

178 1162 348 1218 legatos
369 1162 441 1217 qui
466 1163 731 1218 superiorem
758 1163 989 1205 exercitum
1015 1161 1069 1204 ad
1095 1176 1267 1204 causam
1294 1161 1471 1204 eandem
1495 1160 1735 1204 traherent:

180 1221 442 1264 destinatum
462 1221 625 1264 excidio
640 1221 849 1264 Ubiorum
869 1221 1086 1277 oppidum,
1111 1221 1383 1276 imbutasque
1402 1219 1562 1275 praeda
1580 1234 1733 1263 manus

175 1281 221 1322 in
259 1280 542 1335 direptionem
575 1279 815 1323 Galliarum
853 1282 1093 1336 erupturas.

1155 1281 1341 1335 augebat
1377 1282 1539 1323 metum
1571 1292 1730 1334 gnarus

130 1350 151 1382 5
178 1340 396 1382 Romanae
424 1339 646 1382 seditionis
672 1342 731 1394 et,
760 1340 797 1382 si
822 1340 1093 1382 omitteretur
1117 1339 1225 1394 ripa,
1249 1340 1474 1381 invasurus
1499 1338 1654 1381 hostis:
1686 1340 1733 1381 at

179 1398 214 1441 si
246 1399 405 1441 auxilia
436 1401 480 1441 et
511 1398 617 1441 socii
654 1399 880 1441 adversum
917 1398 1184 1441 abscedentis
1222 1398 1413 1454 legiones
1451 1399 1734 1451 armarentur,

177 1458 301 1500 civile
332 1457 493 1500 bellum
525 1458 696 1513 suscipi.
757 1459 998 1513 periculosa
1030 1458 1253 1512 severitas,
1289 1456 1508 1512 flagitiosa
1537 1456 1733 1513 largitio:

178 1531 252 1559 seu
276 1517 386 1559 nihil
411 1517 542 1559 militi
568 1517 656 1559 sive
683 1518 828 1560 omnia
855 1517 1149 1571 concedentur,
1182 1516 1229 1558 in
1255 1516 1433 1571 ancipiti
1458 1529 1526 1557 res
1551 1515 1734 1571 publica.

178 1576 312 1632 igitur
330 1577 535 1618 volutatis
557 1576 669 1618 inter
688 1591 732 1619 se
752 1577 991 1619 rationibus
1017 1576 1223 1631 placitum
1248 1577 1297 1617 ut
1323 1575 1533 1630 epistulae
1558 1575 1732 1617 nomine

180 1635 386 1691 principis
413 1635 713 1678 scriberentur:
746 1636 995 1678 missionem
1020 1635 1114 1677 dari
1138 1635 1289 1677 vicena
1315 1634 1531 1689 stipendia
1556 1633 1735 1690 meritis,

113 1645 155 1677 10

228 1754 260 1786 9.
299 1752 505 1787 mederetur.
556 1750 650 1786 Dem
687 1751 919 1797 Konjunktiv

180 1798 232 1834 ist
259 1808 379 1844 gegen
399 1798 464 1834 das
485 1798 616 1834 Gesetz
636 1798 702 1834 der
721 1799 918 1835 Konzinni-

181 1848 241 1881 t‘at
275 1846 334 1880 ein
368 1845 513 1881 Nomen
548 1847 634 1891 (neu
665 1849 811 1882 mortem
845 1847 919 1891 ctt.)

180 1893 428 1938 koordiniert,
463 1893 533 1928 wie
568 1905 623 1938 cp.
651 1897 696 1928 52
731 1895 792 1929 sed
825 1894 921 1940 quod

181 1939 413 1975 koordiniert
438 1941 507 1975 mit
531 1940 615 1975 dem
641 1939 805 1977 Ablativ.
838 1952 921 1977 cau-

180 1998 253 2023 sae.
297 1986 406 2022 Sonst
429 1986 480 2022 ist
503 1986 542 2023 in
568 1988 707 2023 diesem
732 1987 836 2023 Falle
862 1988 922 2024 die

181 2034 367 2080 Satzfolge
385 2034 619 2081 umgekehrt.
658 2035 693 2071 S.
707 2034 923 2082 Einleitung

180 2085 211 2124 §-
234 2085 312 2126 119,
334 2086 389 2119 12.

230 2144 284 2177 12.
318 2151 498 2185 reposcere
531 2141 626 2176 statt
653 2152 817 2186 poscere,
852 2142 922 2177 wie

182 2186 262 2224 Cas.
283 2188 317 2225 b.
338 2199 374 2233 g.
396 2192 432 2232 5,
454 2192 498 2223 30
523 2189 700 2224 rationem
731 2193 923 2235 reposcent.

229 2250 284 2282 13.
313 2250 500 2292 promptos
525 2247 620 2282 ohne
644 2258 697 2292 se,
729 2246 799 2283 wie
825 2252 857 2292 4,
879 2251 922 2283 59

185 2297 227 2329 ut
251 2298 403 2329 ereetum
428 2297 461 2329 et
484 2295 649 2338 fidentem
673 2294 789 2330 animi
808 2299 923 2331 osten-

182 2341 280 2376 deret
306 2342 384 2386 (zur
409 2340 530 2376 Schau
554 2343 715 2387 tragen).

231 2403 284 2434 14.
321 2400 428 2445 quasi
457 2403 515 2435 ett.
554 2400 630 2443 „im
665 2399 824 2436 Geffihle
859 2401 923 2436 der

182 2446 369 2491 Schande,
401 2447 460 2482 die
484 2458 572 2483 man
595 2447 674 2482 ihm
699 2449 922 2485 zumutete“.

184 2494 219 2530 S.
239 2493 335 2529 Einl.
356 2498 387 2537 ξ.
407 2498 462 2530 95.

184 2603 194 2615 ε
231 2557 285 2588 16.
323 2564 431 2599 quam
467 2553 527 2589 fiir
562 2565 671 2599 quam
706 2557 759 2591 ut.
815 2553 850 2590 S.
877 2567 923 2589 zu

182 2605 215 2645 d,
232 2604 291 2683 fg.
321 2648 474 2683 attinere
506 2648 601 2683 fehlt
633 2647 672 2683 in
706 2648 827 2684 dieser
857 2649 923 2684 Be-

183 2694 348 2739 deutung
367 2694 429 2730 bei
444 2694 674 2731 klassischen
693 2695 923 2741 Prosaikern,

181 2740 308 2822 ἓὲξιεὲἔ
326 2742 386 2777 bei
406 2742 554 2788 Sallust,
582 2742 633 2778 ist
652 2744 741 2779 aber
760 2743 821 2778 bei
839 2743 922 2778 Tac.

230 2816 484 2871 20.⁶‘incedere
517 2836 584 2871 hat
622 2835 707 2873 Tac.
744 2837 923 2873 zuweilen

182 2882 277 2917 statt
301 2883 463 2918 accedere
487 2883 702 2928 gebraucht.

1038 1755 1094 1788 21.
1132 1750 1296 1787 Ahnlich
1330 1750 1399 1786 Dio
1437 1754 1495 1796 57,
1521 1753 1542 1786 5
1579 1750 1649 1785 καί
1681 1762 1737 1791 τις

991 1795 1116 1834 αὐτῶν
1141 1797 1182 1833 τὸ
1210 1795 1348 1834 ἑαυτοῦ
1374 1798 1483 1842 ξίφος
1517 1794 1730 1841 ἀνατείνας,

991 1846 1121 1891 τοῦτο,
1157 1844 1246 1891 ἔφη,
1278 1843 1388 1892 λαβέ,
1413 1845 1524 1880 τοῦτο
1550 1842 1622 1890 γὰρ
1648 1840 1734 1887 ὀξύ-

992 1891 1101 1937 τερόν
1128 1890 1240 1928 ἐστιν.
1267 1912 1310 1918 -
1336 1884 1438 1928 Uber
1456 1891 1583 1927 addito
1596 1890 1733 1927 s.Ein1.

994 1944 1014 1984 ἓ
1041 1987 1104 2023 36.
1131 1991 1163 2023 3.
1186 1986 1362 2023 Ubiorum
1379 1986 1553 2032 oppidum
1568 1984 1736 2031 ==K61n,

995 2034 1091 2070 auch
1127 2034 1305 2070 Ubiorum
1342 2033 1447 2077 urbs,
1485 2033 1632 2076 civitas,
1669 2043 1735 2069 ara

994 2083 1174 2128 genannt,
1201 2082 1336 2135 ‘spater
1371 2080 1525 2116 Colonia
1559 2079 1735 2126 Agrippi-

993 2132 1230 2220 Πθὲῗιῗιοὲειῗέξ
1247 2128 1498 2211 rigmllicffiihxdie
1518 2174 1733 2211 Germanou.

995 2224 1142 2260 auxilia
1167 2222 1248 2258 sind
1279 2222 1341 2258 bei
1371 2222 1437 2256 der
1460 2222 1612 2265 Armee,
1644 2222 1735 2258 socii

995 2283 1040 2306 zu
1064 2270 1198 2306 Hause.
1247 2260 1345 2305 Uber
1379 2270 1450 2304 den
1476 2268 1734 2314 Bedingungs-

994 2319 1086 2361 satz,
1119 2318 1184 2352 der
1214 2327 1301 2352 vom
1330 2315 1429 2352 Part.
1455 2316 1523 2352 fut.
1550 2316 1727 2361 abhangt,

995 2377 1022 2401 s.
1043 2364 1138 2400 Einl.
1160 2368 1190 2407 §-
1214 2367 1291 2399 104.
1766 2392 1768 2394 .

1043 2416 1077 2447 7.
1098 2412 1303 2457 periculosa
1323 2413 1381 2447 ctt.
1421 2410 1511 2446 Hier
1533 2409 1585 2446 ist
1608 2413 1659 2446 est
1683 2421 1729 2445 zu

995 2462 1185 2505 erganzen.
1228 2458 1296 2493 Die
1321 2456 1480 2493 Ansicht
1503 2457 1555 2493 ist
1579 2457 1639 2492 die
1664 2456 1729 2493 des

995 2506 1157 2550 Tacitus,
1182 2504 1382 2551 allgemein
1407 2504 1541 2550 gsiltig.

1042 2559 1073 2590 9.
1105 2554 1287 2589 volutatis.
1332 2545 1430 2588 Uber
1455 2551 1515 2587 die
1539 2550 1734 2597 Metapher

996 2613 1022 2637 s.
1048 2600 1142 2636 Einl.
1168 2604 1199 2643 ξ.
1229 2603 1314 2644 122,
1340 2611 1376 2645 g.
1426 2598 1498 2634 Cic.
1525 2599 1571 2635 de
1596 2610 1674 2644 rep.
1702 2602 1734 2642 1,
1764 2635 1765 2644 ἵ

997 2652 1038 2684 17
1065 2648 1187 2683 animo
1210 2648 1384 2683 volutare.
1431 2646 1556 2682 Durch
1580 2646 1676 2682 inter
1697 2655 1736 2682 ee
1760 2644 1768 2687 ἔ

995 2695 1086 2730 wird
1113 2693 1373 2740 ausgedrsickt,
1399 2692 1479 2729 dass
1505 2692 1564 2728 die
1585 2692 1734 2728 Grande
1763 2733 1768 2737 ¹

996 2752 1166 2787 erwogen
1198 2741 1274 2775 und
1308 2752 1428 2786 gegen
1461 2739 1637 2776 einander
1669 2739 1734 2776 ab·

998 2799 1175 2836 gewogen
1203 2787 1361 2824 werden.
1755 2743 1768 2839 l

1045 2839 1098 2871 10.
1125 2836 1261 2879 vicena,
1287 2835 1346 2870 die
1372 2834 1442 2871 seit
1466 2837 1486 2870 5
1511 2846 1546 2871 v.
1567 2833 1649 2870 Chr.
1669 2844 1733 2880 ge·
1755 2835 1760 2850 ²

996 2883 1170 2919 setzliche
1195 2882 1411 2918 Dienstzeit.
