1812 3112
125 332 181 375 38

120 1098 176 1142 39

198 104 256 146 54
632 103 863 140 CORNELII
888 103 1048 141 TACITI
1071 104 1334 141 ANNALmM
1392 89 1398 95 '

196 211 457 267 praesidere:
493 212 588 268 ipsa
620 214 755 255 semet
792 212 908 268 parti
938 227 964 255 a
994 212 1230 255 maioribus
1269 213 1357 255 suis
1394 213 1564 269 imperii
1601 214 1762 257 sociam

195 271 372 313 ferebat.

313 328 470 373 Vocati
505 330 687 385 posthac
725 333 870 386 patres
908 331 1044 373 multa
1081 333 1124 373 61
1161 331 1393 388 magnifica
1425 346 1553 387 super
1582 331 1762 388 captivi·

194 391 284 431 tate
316 386 516 432 Carataci
553 389 808 444 disseruere,
848 404 985 445 neque
1017 390 1158 433 minus
1196 390 1240 432 id
1278 391 1441 433 clarum
1480 405 1609 446 quam
1646 391 1762 446 quod

196 446 436 503 Syphacem
468 448 515 490 P.
548 446 712 504 Scipio,
748 448 907 490 Persen
938 447 986 491 L
1016 443 1192 504 Paulus,
1231 452 1274 491 et
1305 450 1342 492 si
1382 449 1455 505 qui
1488 450 1562 492 3111
1592 450 1761 493 vinctos

193 520 317 563 reges
355 507 514 562 populo
545 507 743 550 Romano
783 507 1021 550 ostendere.
1077 510 1304 551 censentur
1340 507 1513 552 Ostorio
1550 508 1762 565 triumphi

148 579 169 611 5
194 565 396 622 insignia,
426 566 646 633 prosperis
673 566 727 608 ad
756 565 800 607 id
825 566 952 608 rebus
978 566 1083 621 eius,
1114 581 1214 610 mox
1239 568 1467 623 ambiguis,
1499 568 1588 611 sive
1614 570 1760 612 amoto

195 623 419 679 Carataco,
452 625 576 679 quasi
607 624 869 667 debellatum
900 624 1024 680 foret,
1055 626 1196 668 minus
1227 627 1395 669 intenta
1426 627 1538 683 apud
1570 642 1650 670 nos
1681 627 1760 670 1111-

192 683 288 724 litia
312 683 408 737 fuit,
434 683 523 725 sive
548 683 698 726 hostes
725 683 999 726 miseratione
1024 684 1137 726 tanti
1162 685 1276 740 regis
1304 686 1444 728 acrius
1471 686 1524 728 ad
1550 686 1760 739 ultionem

193 755 401 784 exarsere.
444 741 712 797 praefectum
739 745 977 785 castrorum
1004 745 1048 785 61
1079 743 1340 799 legionarias
1365 744 1563 788 cohortes
1596 736 1758 788 exstru-

194 800 313 843 endis
339 800 453 855 apud
478 799 641 844 Siluras
669 801 896 856 praesidiis
921 802 1095 844 relictas
1122 802 1478 846 circumfundunt.
1523 818 1572 846 ac
1596 804 1642 846 ni
1673 805 1758 847 cito

123 874 166 905 10
191 859 355 902 nuntiis
388 874 439 902 ex
471 860 659 902 castellis
695 860 902 915 proximis
932 861 1070 904 missis
1101 861 1356 904 subventum
1392 861 1505 905 foret
1535 863 1756 917 copiarum

193 917 417 974 obsidioni,
438 919 761 962 obcubuissent:
787 919 1030 975 praefectus
1055 921 1202 962 tamen
1226 922 1270 962 et
1294 923 1390 963 octo
1411 921 1683 964 centuriones
1703 935 1754 964 ac

189 977 541 1032 promptissimus
580 978 758 1034 quisque
791 993 813 1020 6
843 979 1077 1033 manipulis
1109 978 1308 1022 cecidere.
1360 993 1439 1022 nec
1477 980 1614 1023 multo
1651 982 1753 1035 post

190 1036 437 1092 pabulantis
468 1038 642 1080 nostros
674 1037 914 1093 missasque
946 1037 1000 1079 ad
1032 1037 1269 1080 subsidium
1305 1040 1470 1081 turmas
1506 1039 1753 1095 profligant.

311 1095 422 1138 Tum
442 1094 640 1138 Ostorius
667 1096 866 1139 cohortes
892 1096 1114 1151 expeditas
1134 1097 1356 1152 opposuit3
1383 1112 1460 1140 nec
1484 1097 1579 1140 ideo
1604 1097 1754 1153 fugam

193 1154 387 1210 sistebat,
412 1155 459 1197 ni
478 1155 672 1211 legiones
690 1156 902 1211 proelium
921 1156 1206 1211 excepissent:
1232 1170 1379 1198 earum
1397 1157 1553 1199 robore
1573 1158 1757 1212 aequata

190 1227 351 1269 pugna,
377 1214 475 1256 (16111
492 1214 621 1263 nobis
640 1229 719 1270 pro
739 1215 916 1257 meliore
935 1214 1030 1257 fuit.
1068 1214 1253 1270 effugere
1279 1215 1428 1258 hostes
1446 1215 1568 1258 tenui
1587 1215 1758 1270 damno,

194 1272 295 1327 quia
322 1272 564 1315 inclinabat
589 1273 690 1316 dies.
734 1274 884 1316 crebra
908 1273 1009 1316 hinc
1034 1273 1213 1329 proelia,
1243 1276 1286 1316 et
1313 1274 1485 1329 saepius
1511 1274 1558 1316 in
1583 1273 1758 1317 modum

145 1346 165 1378 5
190 1331 405 1373 latrocinii
447 1347 524 1387 per
560 1333 698 1374 saltus
740 1347 818 1387 per
853 1333 1049 1388 paludes,
1091 1335 1139 1374 ut
1177 1333 1328 1388 cuique
1365 1347 1458 1375 sors
1498 1335 1573 1375 aut
1609 1333 1760 1388 virtus,

194 1392 356 1432 temere
387 1391 572 1447 proviso,
605 1392 659 1434 ob
691 1391 799 1433 iram
826 1392 881 1434 ob
913 1392 1129 1447 praedam,
1160 1391 1281 1434 iussu
1306 1394 1350 1434 et
1374 1391 1606 1447 aliquando
1637 1392 1760 1448 igna-

192 1448 253 1491 ris
286 1449 477 1492 ducibus.
529 1464 577 1492 ac
605 1451 837 1505 praecipua
862 1449 1050 1493 Silurum
1079 1451 1332 1506 pervicacia,
1365 1465 1472 1506 quos
1499 1450 1761 1494 accendebat

192 1508 370 1575 vulgata
401 1509 674 1563 imperatoris
699 1509 886 1551 Romani
916 1523 1013 1563 VOX,
1044 1512 1093 1551 ut
1123 1509 1339 1564 quondam
1365 1508 1595 1564 Sugambri
1627 1509 1759 1551 excisi

194 1568 270 1608 aut
299 1567 346 1609 in
378 1566 542 1609 Gallias
579 1568 748 1610 traiecti
785 1568 948 1622 forent,
984 1568 1046 1609 ita
1077 1565 1262 1610 Silurum
1294 1582 1451 1610 nomen
1486 1567 1658 1623 penitus
1689 1581 1759 1610 ex-

124 1641 168 1673 10
194 1625 490 1681 tinguendum.
533 1626 667 1682 igitur
697 1626 803 1669 duas
829 1601 1057 1668 auxiliares
1085 1626 1283 1669 cohortes
1309 1626 1493 1669 avaritia
1520 1625 1758 1681 praefecto-

193 1698 290 1725 rum
332 1685 546 1726 incautius
589 1685 848 1740 populantes
892 1685 1170 1740 11116166Ρ616;
1215 1685 1438 1740 spoliaque
1482 1687 1525 1727 et
1564 1685 1758 1740 captivos

191 1742 410 1798 largiendo
450 1746 613 1786 ceteras
651 1758 819 1799 quoque
856 1744 1053 1786 nationes
1091 1743 1145 1786 ad
1189 1743 1470 1786 defectionem
1514 1743 1759 1798 trahebant,

190 1815 287 1843 cum
311 1801 455 1844 taedio
483 1817 681 1844 curarum
705 1803 843 1845 fessus
870 1801 1065 1845 Ostorius
1093 1803 1306 1845 concessit
1330 1803 1441 1858 vita,
1472 1802 1598 1845 laetis
1622 1802 1759 1845 hosti-

189 1859 282 1914 bus,
312 1863 535 1916 tamquam
566 1861 717 1904 ducem
748 1861 862 1903 haud
895 1861 1183 1916 spernendum
1214 1862 1296 1904 etsi
1326 1876 1416 1904 non
1445 1861 1678 1917 proelium,
1709 1863 1755 1904 at

123 1929 166 1960 15
193 1921 307 1961 certe
337 1920 498 1962 bellum
530 1920 854 1975 absumpsisset.

237 2058 302 2094 38.
341 2062 374 2094 3.
411 2057 628 2104 Syphacem:
667 2062 733 2094 201
774 2071 807 2095 v.
841 2059 936 2103 Chr„

192 2105 342 2141 Persen:
371 2108 450 2141 167.

237 2156 269 2187 5.
297 2153 346 2187 ad
365 2153 440 2196 id,
444 2152 512 2196 ‚bis
533 2152 671 2188 dahin“
674 2180 683 2196 ‚
709 2152 779 2188 wie
799 2153 870 2198 ΚΡ.
893 2157 935 2188 11

189 2202 369 2244 spectatae
394 2200 444 2234 ad
467 2199 508 2234 id
532 2200 733 2235 modestiae.

238 2250 270 2282 8.
297 2246 581 2281 exstruendis—
591 2247 802 2291 praesidiis.
836 2239 937 2282 Uber

190 2293 263 2328 den
306 2292 419 2328 Dativ
463 2293 527 2328 des
564 2293 837 2329 Gerundivums
881 2294 937 2329 als

195 2339 383 2375 Finalsatz
408 2350 435 2374 s.
462 2339 558 2375 Einl.
586 2343 615 2382 ξ.
645 2343 724 2386 109,
749 2341 784 2376 b.

237 2435 302 2470 39.
318 2438 350 2470 2.
365 2434 522 2477 sistebat,
535 2434 588 2470 πί.
610 2433 644 2469 S
658 2434 754 2470 Einl.
770 2437 800 2477 ἓ.
816 2437 940 2478 103,1.

238 2486 271 2518 3.
294 2492 365 2526 pro
383 2481 527 2528 meliore
553 2482 663 2525 fuit,
668 2481 760 2527 ,galt
781 2481 837 2516 als
857 2481 939 2517 61116

192 2529 441 2574 gflnstigere‘fi
484 2508 686 2564 lihnliches
726 2528 844 2564 sehon
878 2528 939 2563 bei

190 2576 358 2611 Plautus.
401 2575 486 2621 Vgl.
512 2575 653 2611 Livius.
688 2586 760 2620 pro
793 2576 939 2611 victori-

194 2623 272 2666 bus,
291 2633 364 2667 pro
382 2623 488 2658 victis
508 2633 590 2658 esse.
615 2633 688 2667 pro
709 2623 810 2658 haud
828 2623 942 2658 dubia

194 2673 400 2714 exspectare
446 2670 648 2705 victoriam.
714 2680 787 2714 pro
835 2670 943 2705 sociis

195 2727 315 2761 ayere,
336 2727 408 2762 pro
433 2720 527 2753 certo
551 2727 633 2752 esse.

243 2767 275 2798 4.
301 2764 343 2798 in
373 2764 517 2799 modum
555 2763 744 2799 latrocinii
776 2763 942 2798 6111116-

198 2809 370 2844 zeichnet
403 2810 512 2845 einen
544 2810 838 2856 Guerillakrieg,
875 2811 942 2845 wie

197 2855 259 2891 bei
285 2855 372 2891 Sall.
401 2856 485 2901 Jug.
513 2861 569 2901 97,
596 2861 628 2893 5.

1057 2063 1089 2095 6.
1110 2059 1260 2104 proviso
1290 2058 1341 2094 ist
1365 2070 1460 2094 zwar
1485 2059 1542 2094 als
1566 2058 1758 2094 absolutor

1008 2106 1162 2142 Ablativ
1188 2102 1253 2141 ἅπ.
1281 2104 1347 2150 etp.
1378 2105 1520 2142 Daraus
1545 2105 1643 2151 folgt
1667 2105 1758 2141 aber

1008 2152 1124 2197 nicht,
1150 2152 1229 2188 dass
1254 2153 1363 2188 daftir
1386 2154 1538 2198 provisu
1556 2164 1602 2187 zu
1620 2151 1758 2188 schrei-

1009 2199 1082 2235 ben
1106 2200 1169 2235 sei.
1216 2200 1300 2245 Vgl.
1328 2211 1372 2235 zu
1396 2200 1467 2245 ΚΡ.
1495 2204 1528 2244 6,
1555 2203 1588 2235 7.

1056 2250 1090 2282 8.
1121 2246 1330 2292 Suyambri.
1380 2247 1446 2282 Als
1491 2245 1662 2282 Tiberius
1703 2245 1756 2280 im

1008 2294 1041 2329 J.
1068 2296 1089 2328 8
1115 2305 1150 2330 v.
1177 2293 1260 2329 Chr.
1298 2304 1421 2339 gegen
1453 2293 1512 2329 die
1544 2293 1757 2329 Deutschen

1011 2340 1128 2387 Krieg
1152 2340 1292 2384 salute,
1328 2341 1559 2377 vernichtete
1585 2350 1624 2375 er
1649 2338 1758 2375 einen

1012 2386 1095 2423 Teil
1126 2388 1191 2423 der
1217 2387 1448 2433 Sigambrer3
1481 2387 1616 2423 andere
1641 2396 1757 2432 zogen

1011 2434 1142 2470 weiter
1154 2434 1335 2479 nordlich,
1356 2438 1401 2469 40
1410 2437 1481 2471 000
1500 2434 1589 2470 aber
1606 2432 1759 2468 wurden

1012 2481 1067 2516 als
1111 2480 1390 2517 Unterworfene
1433 2479 1502 2517 auf
1539 2480 1604 2515 das
1653 2478 1756 2514 linke

1011 2528 1215 2563 Rheinufer
1251 2529 1422 2564 versetzt.
1488 2526 1548 2563 Sie
1582 2526 1758 2562 wohnten

1011 2585 1085 2611 von
1104 2575 1152 2610 da
1173 2575 1219 2610 ab
1236 2575 1420 2611 zwischen
1439 2575 1510 2610 den
1524 2572 1662 2608 Ubiern
1679 2572 1758 2608 und

1014 2622 1211 2658 Batavern.
1245 2643 1288 2648 —
1319 2622 1448 2664 excisi,
1479 2633 1507 2656 6.
1538 2632 1583 2655 311
1615 2623 1671 2664 13,
1698 2623 1757 2657 39.

1065 2673 1120 2705 13.
1141 2670 1312 2705 concessit
1330 2670 1417 2712 vita,
1435 2667 1531 2704 auch
1552 2670 1583 2711 1,
1597 2670 1631 2702 3.
1651 2670 1685 2711 3,
1699 2670 1757 2703 30.

1017 2719 1072 2759 14,
1099 2719 1154 2751 51.
1194 2715 1320 2752 Cicero
1351 2715 1451 2760 sagt·
1483 2714 1602 2750 cedere
1627 2725 1645 2749 6
1667 2714 1756 2749 vita.

1063 2743 1119 2799 14.
1152 2753 1252 2798 Uber
1288 2762 1352 2798 (136
1387 2760 1541 2796 kausale
1573 2764 1759 2805 tamquam

1015 2809 1053 2844 in
1078 2809 1282 2845 indirekter
1306 2807 1407 2844 Rode
1434 2819 1460 2844 6
1487 2807 1584 2845 Ε1111.
1609 2811 1640 2850 ξ.
1667 2810 1723 2844 95.
