1786 3120
567 111 715 148 LIBER
738 111 835 148 XIV.
880 110 982 148 CAP.
1010 82 1160 147 18-21.

1564 109 1647 153 137

80 224 126 264 et
157 235 315 264 scaena
344 221 392 263 in
421 223 594 275 tempus
626 221 790 263 structa
814 219 939 262 ludos
965 218 1035 261 edi
1059 218 1224 273 solitos,
1254 218 1323 260 vel
1348 218 1386 260 si
1412 219 1650 262 vetustiora

79 282 263 336 repetas,
294 282 482 322 stantem
507 280 715 336 populum
740 277 1013 332 spectavisse,
1042 291 1110 332 ne,
1135 277 1173 319 si
1198 276 1442 319 consideret
1464 277 1650 333 theatro,

80 340 170 382 dies
211 340 330 381 totos
373 339 551 395 ignavia
595 338 879 380 continuaret.

947 337 1292 391 spectaculorum
1329 336 1500 391 quidem
1539 337 1650 379 anti-

80 399 223 454 quitas
262 401 522 453 servaretur,
566 397 764 452 quotiens
801 398 1024 451 praetores
1063 395 1256 451 ederent,
1292 396 1414 437 nulla
1451 395 1650 450 cuiquam

80 458 237 500 civium
267 457 522 499 necessitate
554 455 758 499 certandi.
813 458 1003 498 ceterum
1034 455 1221 497 abolitos
1249 454 1460 510 paulatim
1486 454 1650 509 patrios

80 530 223 558 mores
254 516 448 558 funditus
480 516 612 557 everti
644 528 721 570 per
753 514 935 556 accitam
965 514 1206 569 lasciviam,
1243 516 1293 556 ut
1323 513 1438 569 quod
1467 528 1652 569 usquam

81 575 298 631 corrumpi
335 577 379 617 et
417 589 689 629 corrumpere
721 576 867 628 queat,
905 573 951 615 in
980 574 1086 616 urbe
1117 574 1300 627 visatur,
1338 573 1652 628 degeneretque

82 635 237 676 studiis
270 634 457 676 externis
489 634 706 688 iuventus,
744 633 972 688 gymnasia
1010 634 1054 674 et
1089 633 1180 674 otia
1219 635 1262 674 et
1297 634 1446 687 turpes
1483 646 1652 674 amores

81 693 328 746 exercendo,
358 693 550 748 principe
583 695 626 735 et
657 694 810 734 senatu
842 692 1102 746 auctoribus,
1134 692 1207 747 qui
1237 706 1328 734 non
1358 691 1487 734 modo
1518 691 1651 733 licen-

79 752 187 794 tiam
224 752 339 794 vitiis
377 752 668 807 permiserint,
713 751 788 793 sed
825 751 912 792 vim
953 751 1202 806 adhibeant,
1247 754 1295 792 ut
1329 764 1528 806 proceres
1566 750 1651 793 Ro·
1704 759 1718 769 ⁹

80 811 199 853 mani
238 810 378 866 specie
417 811 662 853 orationum
698 813 741 852 et
771 810 1010 852 carminum
1042 824 1198 852 scaena
1228 810 1489 864 polluantur.

1550 809 1653 864 quid

82 884 320 925 superesse,
350 870 434 912 nisi
465 873 513 912 ut
545 884 725 924 corpora
758 883 926 925 quoque
956 869 1122 911 nudent
1153 871 1196 910 et
1226 871 1394 911 caestus
1425 869 1654 910 adsumant

81 944 238 985 easque
269 943 440 985 pugnas
471 944 551 984 pro
583 929 743 971 militia
773 931 816 970 et
847 928 978 970 armis
1010 927 1303 970 meditentur?
1360 943 1415 970 an
1442 927 1654 969 iustitiam

82 991 256 1031 auctum
275 988 330 1030 iri
350 991 393 1030 et
412 988 605 1030 decurias
625 988 819 1044 equitum
841 987 1064 1043 egregium
1088 986 1304 1029 iudicandi
1330 1001 1486 1029 munus
1513 986 1653 1041 exple-

80 1050 218 1102 turas,
254 1047 291 1089 si
322 1047 482 1090 fractos
515 1061 644 1090 sonos
676 1049 719 1088 et
749 1046 1018 1088 dulcedinem
1050 1060 1204 1088 vocum
1234 1046 1370 1101 perite
1403 1045 1652 1087 audissent?

81 1108 232 1149 noctes
264 1121 433 1162 quoque
464 1106 661 1148 dedecori
698 1105 906 1160 adiectas,
944 1120 998 1147 ne
1038 1105 1152 1160 quod
1189 1107 1361 1160 tempus
1398 1104 1553 1160 pudori
1589 1119 1654 1146 re-

82 1165 319 1221 linquatur,
351 1164 425 1207 sed
456 1167 581 1208 coetu
611 1165 841 1220 promisco,
873 1164 988 1220 quod
1019 1164 1336 1219 perditissimus
1369 1164 1549 1219 quisque
1576 1177 1655 1218 per

83 1225 196 1267 diem
229 1224 539 1279 concupiverit,
569 1238 646 1279 per
675 1224 876 1266 tenebras
908 1223 1074 1265 audeat.

202 1283 406 1325 Pluribus
438 1284 534 1339 ipsa
563 1283 738 1325 licentia
768 1283 979 1338 placebat,
1011 1297 1060 1324 ac
1091 1284 1238 1324 tamen
1267 1282 1453 1324 honesta
1477 1281 1657 1324 nomina
1668 1281 1724 1324 21

82 1342 433 1398 praetendebant.
489 1342 672 1385 maiores
704 1356 872 1398 quoque
897 1355 987 1383 non
1012 1341 1286 1383 abhorruisse
1313 1341 1657 1396 spectaculorum

133 1474 166 1507 6.
203 1470 402 1506 vetustiora
438 1469 488 1506 ist
525 1471 624 1507 etwa
661 1469 721 1506 dic
754 1469 836 1505 Zeit

83 1528 152 1554 vor
178 1517 263 1552 dem
288 1517 322 1553 J.
343 1521 424 1554 146.

134 1580 164 1613 ’1.
214 1567 317 1614 Uber
365 1575 438 1611 den
486 1576 640 1611 lokalen
682 1575 835 1612 Ablativ

85 1624 226 1659 theatro
251 1635 278 1658 s.
303 1623 401 1658 Einl.
428 1627 458 1666 g.
479 1627 536 1658 35.

133 1686 167 1718 8.
200 1683 405 1727 antiquitas
434 1682 524 1726 „der
548 1682 626 1718 alte
651 1683 834 1719 Brauch“.

86 1730 130 1765 In
155 1728 297 1764 diesem
323 1729 435 1765 Sinne
460 1726 524 1766 ἅπ.
551 1728 617 1775 clo.
646 1750 690 1756 -—
717 1730 835 1766 Unter

86 1777 279 1822 Augustus
324 1776 506 1812 erhielten
544 1776 604 1813 die
641 1776 835 1822 Pratorem

88 1824 202 1859 deren
222 1823 444 1869 Bedeutung
469 1824 586 1859 durch
612 1824 677 1860 das
695 1824 836 1860 Princi-

86 1873 156 1917 pat
192 1871 279 1906 sehr
316 1870 474 1916 gelitten
510 1871 636 1915 hatte,
674 1871 734 1906 die
767 1872 835 1907 Be-

90 1929 255 1964 sorgung
281 1917 346 1952 der
372 1919 475 1953 sonst
493 1928 568 1953 von
587 1918 660 1954 den
679 1917 838 1954 Aedilen

88 1965 387 2001 veranstalteten
412 1964 554 2010 Spiele,
587 1965 743 2011 anfangs
768 1965 839 2000 mit

90 2011 322 2048 Subvention
345 2023 432 2047 vom
458 2011 603 2055 Staate,
634 2012 725 2048 bald
749 2013 839 2048 aber

89 2060 188 2096 ohne
213 2059 388 2094 dieselbe.
433 2059 520 2094 Dies
545 2071 623 2095 war
645 2059 739 2105 jetzt
756 2059 838 2095 ihre

89 2106 303 2152 wichtigste
328 2106 512 2152 Aufgabe.

140 2169 196 2201 14.
222 2166 298 2200 Ans
315 2166 512 2219 exercendo
530 2165 581 2200 ist
598 2176 665 2211 per
681 2176 840 2211 zeugma

89 2213 672 2304 {nigryqzrnogzzecztzgtggtnehmem
692 2214 839 2249 colendo

142 2322 196 2354 17.
228 2318 305 2353 nisi
328 2321 371 2353 ut
394 2329 548 2363 corpora
574 2320 639 2354 ctt.
683 2319 742 2353 An
767 2318 839 2354 den

182 2365 339 2400 nischen
378 2364 665 2411 Wettkampfen
707 2366 838 2401 hatten

95 2413 175 2449 also
206 2412 266 2447 die
292 2411 447 2448 Nobiles
475 2413 602 2448 bisher
626 2412 731 2448 nicht
754 2414 840 2449 teil·

95 2469 330 2506 genommen.

144 2510 200 2542 18.
231 2507 367 2541 militia
392 2509 431 2547 ,et
463 2507 576 2542 armis
605 2506 656 2542 ist
680 2506 841 2542 Hendia-

95 2554 174 2600 dys,
198 2553 270 2590 wie
290 2552 360 2598 ΚΡ.
372 2555 401 2587 '2
421 2553 560 2597 ferrum
578 2553 616 2588 et'
629 2555 762 2589 caedes.
797 2558 842 2589 33

95 2603 182 2646 fletu
223 2604 258 2636 et
300 2601 471 2636 lacrimis.
537 2605 598 2645 16,
629 2604 675 2636 26
712 2611 844 2636 manus

95 2649 258 2704 ictnsque
283 2648 426 2684 audere.
477 2651 510 2692 4,
537 2651 582 2682 58
605 2649 788 2692 proelium
813 2651 846 2682 et

96 2705 201 2731 acies.

146 2746 201 2778 19.
233 2742 302 2778 Die
329 2742 499 2777 decuriae
523 2741 605 2777 sind
630 2741 691 2776 die
717 2740 845 2776 Abtei-

97 2789 237 2835 lungen
267 2790 334 2825 der
370 2800 436 2824 aus
473 2789 560 2824 dem
590 2788 845 2823 Ritterstande

98 2847 370 2881 genommenen
427 2836 591 2871 Richter.
666 2834 846 2880 Dagegen

100 2882 195 2918 wird
212 2883 282 2919 mit
301 2885 486 2919 centuriae
503 2882 584 2918 ihre
601 2881 845 2918 militarische

909 1468 1175 1514 Organisation
1206 1468 1436 1504 bezeichnet.
1470 1489 1514 1494 —
1540 1469 1657 1513 emple-

907 1519 1022 1551 turas.
1068 1515 1137 1550 Die
1164 1515 1421 1551 handschriftl.
1442 1516 1576 1551 Lesart
1598 1526 1658 1550 ex-

904 1564 1067 1608 pletwros
1110 1566 1208 1598 ware
1252 1563 1312 1597 ein
1362 1561 1658 1608 unertragliches

907 1609 1215 1656 grammatisches
1241 1606 1305 1645 ἅπ.
1335 1609 1420 1654 sco„
1451 1610 1550 1645 deun
1575 1608 1658 1645 eine

908 1657 1033 1693 solche
1070 1656 1330 1703 Abweichung
1371 1657 1411 1692 in
1455 1657 1523 1692 der
1559 1656 1658 1692 Kon-

907 1716 1046 1750 gruenz
1077 1705 1141 1740 des
1167 1704 1292 1740 Genus
1322 1704 1441 1740 findet
1472 1717 1543 1739 nur
1567 1705 1661 1740 statt

906 1751 969 1787 bei
993 1753 1099 1787 milia
1118 1752 1208 1787 oder
1226 1763 1335 1787 wenn
1354 1751 1414 1787 die
1433 1751 1660 1797 ungleichen

909 1799 1055 1835 Genera
1102 1799 1142 1834 in
1190 1799 1479 1835 verschiedenen
1524 1799 1661 1834 Satzen

909 1847 1020 1890 (auch
1056 1845 1418 1891 Participialsatzen)
1462 1846 1552 1881 oder
1587 1855 1660 1880 we-

908 1892 1078 1938 nigstens
1126 1893 1216 1928 weit
1258 1904 1332 1928 von
1375 1893 1554 1928 einander
1597 1902 1660 1938 ge-

909 1941 1038 1975 trennt
1063 1941 1206 1975 stehen.
1402 1940 1410 1946 '

959 2015 1016 2046 20.
1036 2011 1175 2054 fractos
1194 2009 1407 2054 „weibisch,
1427 2010 1659 2046 weichlich“.

911 2058 1020 2093 Auch
1049 2056 1202 2100 Quintil.
1231 2062 1270 2102 1,
1297 2061 1358 2102 10,
1386 2062 1430 2093 31
1460 2059 1576 2093 neunt
1600 2057 1661 2093 die

913 2104 1101 2150 damalige
1114 2103 1240 2140 Musik
1259 2105 1469 2149 effeminata
1487 2108 1522 2140 et
1539 2105 1661 2150 impu—

912 2153 1005 2188 dicis
1029 2153 1145 2187 modis
1169 2152 1303 2196 fracta.

959 2246 1024 2283 21.
1058 2250 1089 2282 1.
1118 2247 1270 2282 nomina
1295 2246 1565 2291 „Vorwande“,
1591 2245 1662 2281 wie

913 2298 952 2339 2,
978 2298 1023 2329 33
1048 2294 1115 2330 sub
1140 2294 1350 2330 nominibus
1374 2294 1541 2330 honestis.

960 2369 993 2401 2.
1026 2375 1165 2410 quoque
1201 2375 1276 2400 non
1314 2365 1415 2400 steht
1451 2365 1556 2399 sonst
1593 2363 1663 2398 mit

913 2411 1116 2458 grosserem
1145 2411 1372 2447 Nachdruck
1403 2410 1464 2446 bei
1491 2411 1661 2446 Tacitus:

914 2464 954 2503 3,
980 2462 1026 2494 54
1057 2470 1110 2494 me
1140 2469 1278 2503 quoque
1301 2469 1378 2493 non
1402 2469 1473 2493 esse
1497 2458 1663 2501 offensio-

913 2518 1003 2541 num
1028 2507 1186 2541 avidum.
1228 2506 1316 2540 hist.
1342 2509 1374 2548 3,
1397 2509 1440 2540 63
1461 2506 1502 2540 id
1526 2515 1664 2550 quoque

915 2564 991 2588 non
1023 2554 1102 2588 sine
1133 2553 1312 2589 dedecore.
1364 2552 1466 2586 Doch
1497 2551 1569 2586 mit
1599 2563 1663 2597 ge-

915 2601 1103 2645 ringerem
1132 2598 1359 2634 Nachdruck
1391 2599 1488 2633 auch
1518 2609 1602 2635 ann.
1630 2602 1663 2643 6,

919 2650 1119 2690 30.15,66
1157 2649 1244 2691 Agr.
1266 2649 1322 2681 43.
1349 2646 1436 2681 hist.
1458 2650 1492 2690 3,
1511 2649 1543 2681 4.
1578 2646 1662 2691 Vgl.

918 2706 962 2728 zu
987 2698 1021 2737 3,
1045 2697 1101 2728 54.
1128 2713 1172 2718 —
1198 2693 1389 2728 abhorrere
1413 2692 1484 2727 mit
1508 2691 1665 2728 blossem

917 2740 1072 2775 Ablativ
1109 2740 1204 2775 auch
1238 2743 1275 2784 1,
1308 2743 1363 2775 54.
1415 2739 1501 2775 hist.
1535 2743 1575 2784 5,
1607 2743 1664 2775 24.

917 2787 1154 2823 Zweifelhaft
1189 2786 1250 2821 bei
1282 2786 1355 2822 Cic.
1389 2786 1434 2821 de
1464 2786 1545 2822 fato
1577 2790 1616 2830 4,
1643 2790 1664 2822 8

918 2836 989 2870 alii
1007 2835 1143 2870 talibus
1161 2835 1263 2869 vitiis
1282 2834 1519 2876 abhorreant‚·
1543 2833 1666 2869 sicher

917 2882 1200 2917 nachzuweisen
1225 2882 1300 2916 erst
1325 2881 1397 2916 seit
1421 2880 1580 2916 Curtius.
