1794 3106
567 84 712 122 LIBER
735 84 782 120 11.
831 83 934 119 CAP.
953 86 1106 119 47—50.

1536 79 1621 122 125

63 201 235 252 tempus
287 195 460 239 tributis
510 194 708 250 mittique
753 207 805 234 ex
849 193 1003 234 senatu
1053 189 1217 245 placuit
1260 189 1335 244 qui
1377 188 1623 243 praesentia

26 266 29 270 ’
64 259 282 312 spectaret
311 254 618 309 refoveretque.
678 252 865 294 delectus
903 252 946 292 et
976 249 1034 291 M.
1067 249 1222 292 Ateius
1249 262 1272 291 e
1296 247 1538 304 praetoriis,
1568 261 1623 289 ne

16 325 17 328 ’
65 316 280 359 consulari
326 314 546 357 obtinente
589 311 742 355 Asiam
786 309 1020 353 aemulatio
1069 310 1182 351 inter
1222 322 1348 363 pares
1391 309 1436 349 et
1476 321 1528 348 ex
1571 321 1621 349 eo
1648 318 1693 349 15

16 406 17 409 =
65 375 418 431 impedimentum
449 374 652 415 oreretur.

182 433 459 490 Magnificam
501 433 547 473 in
584 429 807 486 publicum
848 428 1123 484 largitionem
1162 426 1282 468 auxit
1313 425 1473 469 Caesar
1509 424 1624 467 haud
1637 426 1694 469 48

14 479 30 550 ¹,
66 494 207 536 minus
234 495 360 548 grata
384 491 657 544 liberalitate,
682 489 794 545 quod
825 489 940 530 bona
964 487 1178 529 Aemiliae
1209 486 1372 540 Musae,
1395 484 1623 539 locupletis

14 547 15 570 ³
69 554 321 607 intestatae,

363 551 502 607 petita
544 550 591 592 in
631 549 784 591 fiscum
814 547 1000 590 Aemilio
1037 545 1219 601 Lepido,
1268 544 1387 588 cuius
1432 559 1454 586 e
1497 543 1624 586 domo

72 612 311 667 videbatur,
334 615 377 653 et
400 608 571 653 Patulei
595 608 742 651 divitis
768 607 923 663 equitis
947 606 1133 648 Romani
1156 604 1454 657 hereditatem,
1481 618 1626 659 quam-

66 685 196 727 quam
226 671 320 725 ipse
349 670 474 712 heres
505 669 551 711 in
581 670 704 724 parte
734 667 962 723 legeretur,
993 665 1172 707 tradidit
1196 663 1253 706 M.
1280 662 1473 718 Servilio,
1499 677 1626 718 quem
1651 674 1672 706 5

65 730 283 786 prioribus
313 743 453 785 neque
485 727 694 783 suspectis
731 726 891 768 tabulis
923 725 1131 779 scriptum
1162 724 1440 778 compererat,
1471 722 1625 764 nobili-

65 792 200 832 tatem
231 789 454 844 utriusque
484 787 668 843 pecunia
697 785 928 828 iuvandam
959 784 1191 839 praefatus.
1245 796 1384 838 neque
1414 781 1625 823 heredita-

0 883 2 907 ἰ
65 854 154 891 tem
184 848 435 904 cuiusquam
472 847 579 889 adiit
614 846 700 888 nisi
737 859 834 888 cum
866 844 1058 886 amicitia
1094 843 1338 897 meruisset3
1377 841 1551 897 ignotos
1583 843 1627 883 et

68 908 164 951 aliis
207 908 402 950 infensos
446 921 579 962 eoque
622 905 860 961 principem
900 905 1199 959 nuncupantes
1244 901 1394 956 procul
1440 901 1626 943 arcebat.

0 963 2 971 ⁸
69 970 255 1010 ceterum
298 970 348 1009 ut
389 967 618 1008 honestam
660 963 953 1007 innocentium
997 964 1295 1018 paupertatem
1343 960 1522 1014 levavit,
1564 959 1628 1002 ita
1654 971 1698 1002 10

0 1023 7 1051 ‚⁴
68 1026 274 1083 prodigos
306 1030 350 1068 et
387 1026 441 1068 ob
480 1025 647 1081 flagitia
678 1026 873 1079 egentes,
905 1021 1130 1064 Vibidium
1159 1020 1412 1073 Virronem,
1441 1018 1629 1061 Marium

0 1119 3 1131 ‚
66 1084 302 1141 Nepotem,
332 1084 524 1140 Appium
554 1083 817 1139 Appianum,
854 1080 1102 1125 Cornelium
1128 1078 1308 1134 Sullam,
1334 1078 1382 1129 Q.
1401 1077 1629 1121 Vitellium

0 1136 6 1199 {L
67 1145 205 1187 movit
236 1147 387 1186 senatu
418 1146 494 1185 aut
525 1145 678 1199 sponte
703 1141 857 1193 cedere·
882 1155 1035 1196 passus
1067 1142 1143 1182 est.

185 1203 329 1246 Isdem
360 1203 629 1258 temporibus
656 1201 782 1243 deum
814 1200 939 1242 aedes
970 1200 1186 1242 vetustate
1218 1200 1294 1240 aut
1322 1197 1417 1253 igni
1442 1197 1628 1240 abolitas
1641 1199 1699 1241 49

69 1265 328 1318 coeptasque
360 1262 414 1304 ab
440 1262 640 1318 Augusto
667 1259 895 1314 dedicavit,
926 1258 1082 1301 Libero
1114 1258 1378 1312 Liberaeque
1409 1258 1453 1298 et
1484 1255 1629 1299 Cereri

69 1322 188 1364 iuxta
220 1323 379 1364 circum
410 1321 664 1374 maximum,
700 1334 828 1375 quam
858 1319 910 1361 A.
941 1317 1189 1360 Postumius
1222 1317 1407 1358 dictator
1439 1317 1629 1371 voverat,

0 1411 2 1433 ;
74 1381 307 1437 eodemque
337 1381 383 1422 in
420 1381 516 1423 loco
554 1380 701 1422 aedem
730 1378 886 1421 Florae
919 1378 973 1420 ab
1004 1377 1136 1419 Lucio
1169 1380 1212 1418 et
1243 1374 1389 1418 Marco
1421 1374 1630 1418 Publiciis

0 1463 9 1496 μ
73 1440 284 1483 aedilibus
332 1440 630 1492 constitutam,
677 1441 721 1480 et
759 1437 864 1480 Iano
905 1437 1134 1491 templum,
1177 1434 1291 1491 quod
1338 1434 1451 1490 apud
1490 1434 1631 1477 forum
1658 1446 1679 1478 5

72 1500 328 1542 holitorium
369 1498 415 1542 C.
446 1498 619 1541 Duilius
664 1499 896 1552 struxerat,
939 1497 1011 1551 qui
1053 1495 1218 1551 primus
1261 1509 1352 1537 rem
1390 1493 1631 1536 Romanam

68 1573 273 1615 prospere
303 1559 415 1600 mari
440 1558 575 1615 gessit
599 1556 951 1611 triumphumque
982 1555 1180 1598 navalem
1207 1554 1258 1596 de
1282 1553 1437 1596 Poenis
1462 1554 1633 1595 meruit.

71 1616 173 1673 Spei
215 1617 339 1660 aedes
382 1633 408 1659 a
452 1617 707 1660 Germanico
749 1618 962 1671 sacratur,
1003 1614 1114 1657 hanc
1155 1614 1207 1657 A.
1247 1613 1408 1655 Atilius
1453 1615 1634 1655 voverat

70 1677 219 1720 eodem
250 1677 377 1720 bello.

188 1737 476 1779 Adolescebat
507 1737 671 1777 interea
707 1735 775 1776 lex
806 1733 1060 1776 maiestatis.
1122 1735 1165 1775 et
1196 1732 1457 1788 Appuleiam
1489 1731 1631 1773 Varil·
1646 1732 1703 1775 50

71 1796 171 1851 lam,
201 1796 362 1838 sororis
387 1795 578 1851 Augusti
601 1796 789 1849 neptem,
814 1794 914 1849 quia
939 1792 1162 1848 probrosis
1182 1791 1451 1834 sermonibus
1484 1791 1630 1833 divum

0 1957 2 1967 ,
71 1923 199 1970 folgen
230 1923 292 1959 die
321 1922 467 1959 Namen
498 1922 563 1957 der
589 1923 719 1958 Stadte
751 1921 818 1957 auf

0 1985 9 1999 r
72 1971 285 2017 diejenigen
310 1970 375 2006 der
398 1969 615 2006 Bewohner.

122 2022 177 2053 15.
232 2018 428 2054 consulari.
491 2017 582 2052 Asia
622 2016 717 2051 wird
759 2016 815 2051 als

0 2067 3 2071 '
73 2065 356 2110 Senatsprovinz
374 2075 450 2101 von
468 2063 589 2100 einem
609 2063 817 2099 Prokonsul

71 2112 277 2149 verwaltet.
472 2151 491 2159 η

119 2160 184 2196 48.
211 2163 243 2195 3.
293 2160 440 2195 Marcus
466 2158 626 2194 Amilius
650 2157 814 2202 Lepidus

73 2207 194 2254 (nicht
223 2219 268 2242 zu
293 2207 546 2243 verwechseln
575 2205 646 2242 mit
669 2204 816 2241 Manius

18 2268 19 2271 =
73 2255 132 2300 L.)
156 2253 269 2291 stirbt
291 2254 344 2290 im
368 2255 401 2291 J.
428 2258 483 2290 36.

121 2307 153 2339 5.
197 2301 377 2338 Servilius
397 2313 474 2338 war
498 2302 551 2337 im
577 2303 610 2338 J.
631 2307 652 2338 3
673 2315 708 2338 n.
729 2300 814 2337 Chr.

76 2349 219 2386 Konsul
243 2360 424 2394 gewesen.

121 2402 154 2434 6.
202 2398 350 2433 tabulae
374 2398 466 2443 „das
491 2397 744 2434 Testament“.

19 2479 21 2483 ,
122 2448 156 2480 8.
205 2455 285 2480 cum
310 2466 354 2470 —
379 2446 575 2481 meruisset.
618 2436 719 2480 Uber
744 2443 817 2479 den

18 2496 19 2503 ¹
75 2489 307 2538 Konjunktiv
326 2491 392 2527 der
407 2491 677 2529 wiederholten
692 2491 817 2527 Hand-

18 2547 21 2549 ·
75 2537 166 2585 lung
190 2551 217 2574 s.
244 2538 340 2574 Einl.
366 2543 397 2583 ξ.
425 2542 481 2575 88.

123 2590 155 2622 9.
211 2587 314 2632 aliis,
350 2586 516 2623 namlich
553 2587 720 2631 solchen,
759 2586 818 2622 die

0 2624 17 2653 ''
75 2634 290 2679 Anspriiehe
313 2633 456 2670 hatten.

0 2688 2 2694 ⁸
126 2684 181 2716 12.
232 2680 274 2723 Q.
306 2680 481 2717 Vitellius
513 2682 563 2717 ist
595 2680 729 2717 Oheim
754 2681 819 2716 des

4 2719 10 2762 J
77 2727 376 2774 gleichnamigen
407 2728 568 2765 Kaisers.
626 2729 709 2764 Von
739 2729 819 2763 ihm

79 2776 164 2820 sagt
181 2776 320 2811 Sueten
337 2776 426 2820 (Vit.
438 2778 491 2822 2):
522 2777 681 2822 Quintus
699 2777 821 2812 caruit

78 2823 218 2868 ordine,
240 2834 321 2858 cum
346 2827 494 2859 auctore
514 2824 659 2860 Tiberio
683 2823 822 2859 secerni

79 2869 200 2906 minus
217 2870 364 2907 idoneos
382 2875 564 2907 senatores
581 2871 820 2916 removerique

881 1922 1093 1967 placuisset.

1166 1919 1238 1955 Ein
1287 1919 1443 1954 anderer
1488 1917 1631 1963 Oheim,

887 1968 1052 2012 Publius,
1076 1968 1128 2004 ist
1153 1971 1188 2013 1,
1215 1970 1260 2003 ’10
1286 1967 1464 2002 erwahnt.

934 2026 999 2062 49.
1024 2030 1057 2062 3.
1106 2027 1226 2069 iuxta,
1252 2024 1417 2061 namlich
1443 2036 1503 2060 am
1523 2027 1632 2060 west-

886 2073 1012 2109 lichen
1036 2073 1140 2108 Ende
1172 2074 1237 2109 des
1263 2072 1411 2117 Cirkus,
1446 2073 1543 2107 nach
1568 2072 1635 2108 der

887 2121 1000 2157 Tiber
1042 2133 1098 2156 zu.
1133 2141 1177 2147 --
1215 2119 1427 2157 Postumius
1464 2120 1633 2165 besiegte

887 2172 958 2204 496
989 2169 1050 2204 die
1074 2168 1227 2204 Latiner
1258 2179 1319 2204 am
1351 2166 1421 2203 See
1451 2167 1633 2213 Regillus.

935 2231 969 2263 4.
1019 2228 1217 2271 Publiciis,
1247 2229 1346 2263 etwa
1368 2227 1407 2262 in
1433 2216 1633 2263 der'Mitte

889 2276 953 2311 des
979 2275 1120 2312 dritten
1143 2274 1416 2311 Jahrhunderts
1442 2286 1477 2311 v.
1503 2275 1585 2310 Chr.

937 2338 969 2370 5.
996 2335 1095 2371 Iano
1102 2349 1116 2378 ;
1125 2334 1335 2371 ausserdem
1347 2334 1412 2380 lag
1425 2333 1487 2369 ein
1500 2334 1524 2370 J
1525 2344 1634 2369 anus-

889 2383 1030 2428 tempel
1048 2394 1109 2418 am
1127 2383 1276 2419 Forum.
1299 2402 1343 2407 -
1365 2381 1437 2417 Der
1458 2381 1633 2416 Gemi'ise-

889 2429 1015 2465 markt
1038 2430 1103 2476 lag
1127 2430 1314 2466 zwischen
1339 2429 1404 2464 der
1422 2427 1535 2463 Tiber
1559 2428 1635 2463 und

890 2477 975 2513 dem
1013 2476 1147 2513 Saxum
1189 2476 1390 2522 Tarpejum
1427 2487 1489 2511 am
1526 2477 1636 2510 west—

889 2524 1015 2560 lichen
1040 2524 1203 2570 Abhang
1226 2524 1291 2560 des
1314 2522 1498 2568 Kapitols.

939 2582 972 2613 8.
1021 2579 1069 2613 A.
1088 2578 1229 2613 Atilius
1251 2575 1444 2612 Calatinus
1462 2587 1540 2611 war
1567 2579 1637 2611 258

891 2638 927 2660 u.
948 2627 1018 2660 254
1038 2636 1071 2660 V.
1087 2624 1169 2661 Chr.
1189 2623 1343 2660 Konsul.
1381 2623 1432 2658 Er
1456 2623 1506 2658 ist
1531 2623 1638 2658 nieht

892 2684 937 2707 zu
953 2672 1204 2708 verwechseln
1223 2671 1293 2706 mit
1310 2669 1446 2706 Atilius
1460 2669 1638 2716 Regulus,

940 2725 1003 2761 50.
1038 2729 1070 2759 2.
1119 2728 1266 2770 neptem.
1324 2723 1394 2758 Die
1420 2723 1638 2759 Verwandt-

894 2772 1016 2809 schaft
1028 2772 1080 2808 ist
1094 2772 1200 2807 nicht
1210 2772 1332 2807 sicher
1344 2770 1638 2808 nachzuweisen.

893 2820 1096 2856 Vielleicht
1119 2830 1196 2855 war
1221 2818 1279 2854 ihr
1303 2818 1420 2854 vater
1444 2817 1636 2864 Apulejus,

894 2868 955 2904 ein
990 2866 1295 2903 Schwestersohn
1332 2866 1397 2902 des
1433 2866 1637 2912 Augustus.
