1786 3120
585 106 732 143 LIBER
755 107 853 145 XIII.
886 108 988 144 GAP.
1015 113 1167 145 21—25.
1597 112 1655 155 95

90 222 181 262 tam
224 220 351 274 grata
394 217 607 260 Pallantis
650 217 899 260 innocentia
942 231 1071 272 quam
1115 219 1259 273 gravis
1304 221 1506 275 superbia
1555 222 1655 278 fuit3

91 278 248 334 quippe
278 277 514 320 nominatis
546 276 712 319 libertis
745 276 854 331 eiuS,
886 290 994 332 quos
1027 277 1222 320 conscios
1254 278 1450 335 haberet,
1480 294 1656 335 respon·

89 338 154 380 dit
188 337 299 379 nihil
336 351 542 392 umquam
579 350 624 378 se
666 335 782 378 domi
818 335 905 377 nisi
941 338 1051 378 nutu
1089 338 1165 378 aut
1201 351 1333 380 manu
1377 339 1655 396 significasse,

86 397 155 440 vel
183 397 220 439 si
245 397 373 452 plura
399 394 734 439 demonstranda
760 396 916 450 essent,
944 395 1106 451 scripto
1131 411 1270 453 usum,
1300 412 1355 440 ne
1380 413 1530 441 vocem
1559 414 1655 441 con-

89 457 287 499 sociaret.
343 455 507 498 Burrus
544 454 739 510 quamvis
770 468 868 496 reus
904 455 1020 497 inter
1050 455 1211 498 iudices
1244 458 1502 500 sententiam
1535 458 1654 501 dixit.

7 552 12 557 .
88 516 348 571 exiliumque
380 514 620 557 accusatori
650 514 902 570 inrogatum
933 517 978 557 et
1007 515 1183 558 tabulae
1210 519 1385 559 exustae
1417 521 1531 574 sunt,
1563 518 1653 574 qui-

87 576 167 618 bus
201 575 452 618 oblitterata
482 573 638 616 aerarii
668 573 847 616 nomina
878 574 1137 618 retrahebat.

1682 469 1726 501 10

202 634 309 676 Fine
340 633 442 675 anni
474 633 605 676 statio
638 632 828 676 cohortis
861 633 1056 676 adsidere
1086 634 1200 677 ludis
1231 636 1361 678 solita
1392 636 1653 692 demovetur,
1667 637 1725 679 24

88 709 173 750 quo
205 693 343 735 maior
374 693 536 748 species
567 692 783 735 libertatis
816 695 945 748 esset,
977 695 1108 749 utque
1134 694 1258 737 miles
1288 696 1494 738 theatrali
1524 697 1653 739 licen-

85 754 173 796 tiae
202 767 291 795 non
321 753 559 808 permixtus
590 752 882 808 incorruptior
913 755 1062 809 ageret
1086 755 1130 795 et
1159 754 1307 809 plebes
1339 755 1461 798 daret
1492 756 1654 811 experi-

84 814 295 867 mentum,
339 826 396 854 an
436 812 594 854 amotis
639 812 887 854 custodibus
928 812 1185 855 modestiam
1224 814 1441 857 retineret.
1503 816 1654 858 urbem

82 873 284 928 princeps
315 871 517 914 lustravit
548 886 598 913 ex
630 885 839 926 responso
870 871 1166 928 haruspicum,
1199 873 1313 929 quod
1343 874 1458 917 Iovis
1491 889 1540 917 ac
1571 874 1652 917 Mi-

82 946 240 975 nervae
273 931 398 973 aedes
431 931 481 973 de
514 931 633 973 caelo
664 933 807 973 tactae
840 933 976 974 erant.

1679 885 1699 916 5

202 990 250 1041 Q.
273 990 456 1033 Volusio
482 990 529 1032 P.
555 988 756 1046 Scipione
782 990 1030 1033 consulibus
1057 991 1193 1034 otium
1218 992 1342 1048 foris,
1371 993 1499 1036 foeda
1536 993 1653 1036 domi
1667 993 1725 1036 25

82 1051 277 1106 lascivia,
322 1065 408 1106 qua
444 1048 562 1093 Nero
605 1050 762 1092 itinera
798 1050 918 1092 urbis
956 1052 999 1092 et
1041 1051 1267 1106 lupanaria
1304 1053 1348 1094 et
1391 1053 1654 1096 deverticula

83 1113 203 1154 veste
235 1110 380 1152 servili
404 1109 451 1151 in
481 1109 874 1152 dissimulationem
901 1110 968 1152 sui
993 1111 1258 1166 compositus
1289 1113 1552 1166 pererrabat,
1584 1127 1654 1155 co—

84 1169 339 1212 mitantibus
378 1169 451 1224 qui
481 1171 686 1224 raperent
714 1169 955 1212 venditioni
994 1170 1192 1224 exposita
1230 1173 1273 1212 et
1305 1171 1444 1214 obviis
1475 1173 1654 1214 vulnera

84 1229 306 1284 inferrent,
333 1228 535 1271 adversus
560 1229 738 1285 ignaros
766 1229 886 1283 adeo,
910 1231 960 1271 ut
983 1229 1078 1284 ipse
1103 1244 1273 1286 quoque
1299 1231 1518 1286 exciperet
1541 1234 1651 1274 ictus

84 1291 127 1332 et
159 1302 231 1331 ore
268 1288 517 1343 praeferret.
574 1288 726 1330 deinde
762 1288 839 1330 ubi
872 1286 1101 1331 Caesarem
1139 1304 1232 1331 esse
1271 1290 1344 1345 qui
1380 1293 1654 1347 grassaretur

82 1348 305 1404 pernotuit
346 1348 699 1404 augebanturque
741 1347 925 1390 iniuriae
970 1348 1172 1390 adversus
1220 1349 1335 1392 viros
1384 1349 1653 1406 feminasque

82 1408 293 1463 insignes,
331 1410 374 1449 et
411 1407 585 1462 quidam
621 1407 833 1462 permissa
864 1407 995 1450 semel
1032 1407 1207 1450 licentia
1244 1409 1323 1451 sub
1362 1410 1537 1458 nomine
1567 1409 1652 1453 Ne-

82 1467 203 1510 ronis
234 1466 361 1508 inulti
391 1466 576 1522 propriis
608 1481 704 1509 cum
737 1467 880 1523 globis
911 1467 1060 1509 eadem
1092 1467 1364 1523 exercebant,
1398 1469 1445 1510 in
1476 1469 1652 1512 modum

84 1526 351 1582 captivitatis
375 1541 462 1568 nox
489 1527 716 1583 agebatur3
742 1525 963 1582 Iuliusque
982 1526 1216 1569 Montanus
1243 1529 1451 1570 senatorii
1477 1529 1652 1584 ordinis,

83 1585 157 1628 sed
188 1585 274 1641 *qui
310 1585 502 1628 nondum
546 1585 753 1628 honorem
797 1586 1073 1642 capessisset,
1117 1600 1375 1643 congressus
1419 1587 1532 1630 forte
1575 1603 1653 1643 per

81 1645 283 1687 tenebras
310 1659 406 1687 cum
431 1645 638 1700 principe,
664 1645 766 1700 quia
790 1646 834 1688 vi
860 1647 1192 1701 attemptantem
1213 1647 1369 1689 acriter
1393 1648 1651 1703 reppulerat,

84 1704 238 1747 deinde
277 1704 504 1761 adgnitum
542 1707 759 1760 oraverat,
798 1705 922 1760 quasi
960 1706 1281 1761 exprobrasset,
1324 1707 1435 1749 mori
1473 1707 1650 1750 adactus

131 1848 186 1879 11.
218 1847 365 1880 exustae
394 1848 499 1888 stent,
536 1845 656 1881 damit
689 1845 742 1881 sie
780 1856 828 1881 an

81 1891 218 1928 keinen
243 1891 385 1928 cediert
407 1892 557 1928 werden
580 1892 758 1928 konnten.

132 1942 187 1976 12.
220 1939 428 1975 oblitterata
457 1940 610 1976 nomina
646 1939 730 1975 sind
766 1939 827 1984 „in

81 1986 370 2033 Vergessenheit
410 1988 586 2032 geratene
623 1986 827 2022 Forderun-

82 2036 190 2080 gen“.
217 2054 262 2060 —
287 2035 492 2071 retrahebat
519 2034 555 2071 d.
573 2035 610 2070 h.
637 2046 677 2070 er
700 2034 828 2071 wollte

81 2081 135 2118 sie
180 2081 396 2127 einklagen,
441 2081 509 2118 auf
544 2081 828 2128 gerichtlichem

81 2129 199 2175 Wege
225 2128 428 2165 einziehen.

128 2248 193 2284 24.
227 2252 260 2284 1.
291 2248 385 2284 Eine
410 2247 576 2284 Kohorte
607 2248 674 2284 der
698 2248 827 2284 Prato-

80 2296 204 2332 rianer
227 2295 333 2331 hatte
359 2295 419 2332 die
438 2296 593 2339 Wache,
618 2308 683 2331 um
701 2295 828 2342 Unfug

79 2356 125 2379 zu
156 2342 390 2380 verhindern.
440 2343 532 2379 Dass
568 2343 621 2379 sie
645 2343 752 2379 nicht
782 2356 828 2378 zu

82 2391 287 2427 entbehren
321 2402 416 2435 war,
452 2390 552 2436 zeigt
584 2391 654 2437 ΚΡ.
682 2394 726 2426 25
764 2402 826 2426 am

82 2437 240 2475 Schluss.
267 2459 311 2463 —
338 2439 557 2483 demovetwr,
582 2439 653 2475 wie
678 2438 766 2476 hist.
791 2442 825 2483 4,

82 2489 127 2522 58
164 2486 321 2522 tolerant
357 2486 537 2522 obsidium
574 2486 730 2533 leyiones
762 2497 827 2523 nec

81 2536 215 2570 terrore
239 2536 306 2569 aut
323 2534 518 2579 promissis
542 2534 782 2570 demoventnr.

129 2650 193 2688 25.
228 2656 260 2687 1.
291 2652 367 2688 Der
390 2651 507 2687 Vater
538 2651 658 2687 dieses
684 2652 726 2695 Q.
754 2652 827 2688 Vo-

80 2699 195 2735 lusius
233 2699 467 2743 Saturninus,
507 2698 578 2734 mit
613 2698 827 2735 Vol-namen

80 2746 228 2791 Lucius,
253 2747 357 2783 reich
375 2746 451 2782 und
471 2746 692 2792 angesehen,
716 2747 827 2782 stirbt

80 2793 120 2829 in
151 2794 366 2830 demselben
391 2795 505 2831 Jahre
531 2795 607 2839 (56)
638 2792 691 2828 im
720 2794 827 2830 Alter

81 2852 156 2877 von
174 2846 219 2878 93
238 2842 388 2878 Jahren.
417 2842 452 2878 S.
471 2842 541 2888 ΚΡ.
557 2845 613 2877 30.
636 2862 679 2867 -
701 2840 826 2886 Scipio

81 2887 132 2924 ist
173 2889 238 2924 der
275 2889 377 2926 Sohn
419 2890 484 2926 des
526 2889 828 2935 gleichnamigen

900 1845 1080 1891 Konsuh,
1112 1846 1179 1882 der
1208 1847 1344 1882 vorher
1374 1847 1430 1882 als
1459 1847 1581 1892 Legat
1611 1847 1650 1882 in

901 1892 1034 1928 Afrika
1059 1893 1213 1939 gedient
1237 1894 1354 1929 hatte.
1394 1898 1429 1939 3,
1456 1898 1511 1930 74.

948 1944 981 1975 2.
1014 1941 1234 1977 deverticula
1258 1941 1447 1986 Kneipen,
1477 1942 1648 1987 popinae.

949 1991 982 2023 5.
1008 1988 1117 2031 adeo,
1142 1988 1182 2023 in
1201 1988 1439 2034 Anastrophe
1465 1989 1560 2024 auch
1578 1988 1649 2036 ΚΡ.

902 2038 958 2071 35.
1001 2034 1085 2070 Val.
1116 2036 1213 2071 Max.
1241 2040 1274 2080 9,
1299 2040 1320 2071 3
1355 2037 1427 2071 ext.
1454 2040 1475 2072 3
1507 2040 1650 2072 mature

901 2082 1007 2127 αάεος
1040 2085 1142 2119 sonst
1166 2095 1235 2118 nur
1259 2083 1321 2119 bei
1345 2083 1526 2119 Dichtern
1551 2084 1650 2120 nach

899 2130 1053 2174 multus,
1083 2141 1258 2177 magnus,
1290 2134 1405 2175 totus,
1436 2131 1527 2167 aber
1552 2132 1648 2168 ohne

899 2177 1105 2224 Folgesatz.

948 2229 981 2261 6.
1006 2226 1115 2261 Nach
1145 2227 1211 2262 ubi
1241 2227 1318 2262 erst
1345 2225 1515 2270 Perfekt‚
1547 2226 1650 2262 dann

899 2272 1122 2319 Imperfeld,
1153 2273 1224 2310 wie
1248 2274 1347 2309 nach
1368 2275 1564 2319 postquam
1590 2278 1647 2318 12,

899 2324 941 2402 ἶ..
971 2320 1116 2358 Ebenso
1140 2321 1204 2357 bei
1229 2321 1374 2365 Caesar,
1405 2321 1548 2357 Sallust
1571 2322 1648 2357 und

930 2380 1038 2404 ivms.

946 2419 979 2451 8.
1003 2417 1071 2451 sub
1096 2416 1252 2452 nomine.
1303 2416 1386 2462 Vgl.
1420 2420 1475 2461 16,
1504 2420 1546 2451 19
1579 2416 1647 2452 sub

897 2464 1109 2499 nominibus
1138 2464 1366 2499 exoletorum.
1404 2467 1438 2506 2,
1464 2467 1520 2498 33.
1553 2466 1587 2508 5,
1612 2467 1645 2499 4.

900 2510 1000 2546 Suet.
1028 2510 1107 2546 Oct.
1136 2514 1181 2546 55
1206 2511 1272 2546 sub
1299 2511 1418 2546 alieno
1442 2510 1597 2546 nomine.

949 2561 1002 2594 10.
1042 2559 1238 2603 captivitas
1280 2557 1331 2593 ist
1373 2557 1439 2593 der
1482 2557 1647 2593 Zust-and

900 2605 1003 2640 einer
1040 2606 1235 2641 eroberten
1274 2605 1392 2641 Stadt.
1440 2608 1496 2649 16,
1524 2609 1567 2641 16
1604 2606 1647 2641 in

900 2653 1111 2698 captivitate
1135 2653 1293 2688 w'rbium.

947 2703 1002 2735 11.
1028 2700 1094 2746 qui
1117 2701 1280 2736 nondum
1304 2700 1472 2735 honorem
1493 2700 1557 2735 ott.
1595 2699 1647 2734 Er

898 2748 1005 2783 hatte
1031 2747 1110 2783 also
1136 2748 1235 2783 noch
1260 2747 1365 2782 nicht
1396 2747 1456 2782 die
1486 2746 1647 2790 Quastur

898 2795 1110 2839 verwaltet,
1153 2806 1232 2830 war
1274 2795 1364 2830 aber
1402 2794 1503 2830 Sohn
1546 2794 1646 2830 eines

901 2842 1076 2878 Senators
1104 2843 1193 2878 oder
1218 2853 1320 2888 eques
1344 2842 1513 2878 illustris.

950 2894 1005 2926 13.
1032 2891 1177 2936 adigere
1202 2901 1232 2927 c.
1258 2890 1322 2926 inf.
1350 2902 1377 2925 s.
1403 2902 1447 2925 zu
1473 2893 1506 2933 4,
1533 2893 1590 2925 29.

1678 1241 1698 1273 5

1680 1539 1722 1571 10
