1806 3120
605 93 751 130 LIBER
771 93 835 130 111.
885 93 987 131 CAP.
1012 97 1117 130 2-5.

1556 94 1639 137 151

88 202 205 245 niam
233 217 322 245 non
353 201 465 258 apud
495 203 688 244 auctores
718 216 872 254 rerum,
902 216 989 244 non
1019 201 1171 244 diurna
1202 203 1396 244 actorum
1427 202 1638 257 scriptura

89 261 255 318 reperio
286 261 376 303 ullo
407 261 567 317 insigni
597 260 740 303 officio
771 260 976 316 functam,
1007 275 1105 303 cum
1130 275 1258 316 super
1282 260 1570 316 Agrippinam
1595 264 1638 304 et
1663 269 1686 302 5

90 319 276 363 Drusum
316 321 360 362 et
396 319 621 362 Claudium
661 320 792 363 ceteri
832 334 999 376 quoque
1039 320 1346 377 consanguinei
1385 320 1641 363 nominatim

86 379 312 435 perscripti
343 379 443 434 sint,
474 393 548 421 seu
571 379 814 422 valetudine
844 379 1212 435 praepediebatur,
1244 394 1319 422 seu
1350 379 1488 422 victus
1520 380 1640 423 luctu

87 439 256 481 animus
281 438 621 494 magnitudinem
647 438 750 481 mali
773 439 962 494 perferre
988 439 1084 481 visu
1106 453 1195 481 non
1219 439 1430 482 toleravit.
1461 438 1640 482 'facilius

86 497 337 540 crediderim
380 497 551 540 Tiberio
596 500 638 540 et
681 499 898 554 Augusta,
949 498 1023 553 qui
1066 498 1191 541 domo
1236 513 1325 540 non
1368 498 1639 553 excedebant,

87 556 336 609 cohibitam,
374 560 423 599 ut
458 572 536 613 par
572 571 741 600 maeror
779 560 822 599 et
858 558 1008 600 matris
1041 558 1235 613 exemplo
1268 558 1364 600 avia
1394 572 1563 613 quoque
1594 560 1638 600 et
1665 563 1711 597 10

87 618 266 671 patruus
297 616 470 659 attineri
499 616 754 659 viderentur.

204 675 323 730 Dies,
363 690 447 731 quo
488 676 694 731 reliquiae
734 676 899 719 tumulo
932 675 1119 732 Augusti
1155 675 1470 731 inferebantur,
1510 676 1636 719 modo
1662 672 1692 715 4

86 748 162 789 per
204 734 421 777 silentium
463 738 627 790 vastus,
671 734 797 778 modo
840 735 1080 791 ploratibus
1122 735 1308 790 inquies3
1351 735 1480 791 plena
1519 735 1640 778 urbis

83 794 251 850 itinera,
281 795 549 837 conlucentes
580 809 656 850 per
686 809 885 850 campum
908 794 1062 837 Martis
1092 794 1219 838 faces.
1267 795 1357 838 illic
1387 795 1510 837 miles
1543 809 1641 837 cum

84 853 235 907 armis,
273 854 365 896 sine
401 854 642 910 insignibus
681 855 982 910 magistratus,
1022 854 1208 910 populus
1248 868 1325 909 per
1364 855 1502 896 tribus
1543 868 1639 897 con-

80 911 234 955 cidisse
253 927 342 955 rem
362 913 592 969 publicam,
610 913 722 956 nihil
742 913 834 968 spei
852 913 1064 968 reliquum
1083 913 1376 968 clamitabant,
1395 913 1637 969 promptius
1664 918 1685 952 5

82 972 353 1027 apertiusque
385 987 514 1028 quam
544 974 593 1014 ut
622 973 867 1015 meminisse
897 973 1240 1028 imperitantium
1272 973 1477 1015 crederes.
1528 972 1636 1014 nihil

78 1032 229 1073 tamen
278 1031 497 1074 Tiberium
549 1031 688 1087 magis
737 1032 980 1087 penetravit
1035 1046 1164 1087 quam
1219 1031 1361 1074 studia
1413 1032 1637 1075 hominum

82 1104 264 1132 accensa
303 1091 348 1133 in
388 1091 695 1147 Agrippinam,
739 1105 835 1134 cum
876 1091 1002 1133 decus
1042 1091 1227 1146 patriae,
1267 1091 1408 1133 solum
1446 1091 1637 1147 Augusti

81 1150 356 1204 sanguinem,
387 1151 559 1192 unicum
592 1150 863 1206 antiquitatis
896 1150 1112 1205 specimen
1144 1150 1409 1206 appellarent
1439 1151 1636 1205 versique

78 1207 135 1250 ad
165 1209 331 1251 caelum
362 1224 411 1252 ac
443 1209 543 1251 deos
574 1209 789 1265 integram
819 1209 886 1251 illi
922 1210 1118 1252 subolem
1156 1225 1205 1252 ac
1243 1210 1520 1265 superstitem
1556 1210 1634 1252 ini·
1663 1215 1709 1248 10

78 1282 259 1323 quorum
289 1271 578 1323 precarentur.

197 1326 332 1370 Fuere
370 1327 443 1384 qui
480 1327 642 1383 publici
679 1327 840 1369 funeris
877 1342 1080 1384 pompam
1117 1328 1383 1384 requirerent
1414 1342 1634 1396 compara·
1661 1322 1689 1366 5

78 1389 255 1442 rentque
287 1401 393 1442 quae
425 1387 470 1428 in
499 1386 689 1429 Drusum
719 1389 887 1454 patrem
919 1386 1164 1430 Germanici
1194 1387 1361 1430 honora
1392 1390 1435 1430 et
1466 1388 1631 1443 magni-

77 1445 155 1487 fica
172 1445 395 1502 Augustus
421 1445 604 1488 fecisset.
647 1447 791 1501 ipsum
817 1447 973 1502 quippe
999 1447 1232 1502 asperrimo
1258 1447 1410 1489 hiemis
1431 1446 1631 1490 Ticinum

76 1519 211 1560 usque
241 1519 516 1561 progressum
546 1520 684 1561 neque
725 1506 1026 1548 abscedentem
1058 1522 1082 1549 a
1114 1521 1291 1561 corpore
1324 1506 1451 1549 simul
1481 1506 1630 1548 urbem

76 1563 315 1607 intravisse.
347 1564 625 1607 circumfusas
651 1565 762 1607 lecto
784 1563 1059 1608 Claudiorum
1078 1565 1371 1622 Iuliorumque
1395 1566 1648 1622 imagines;
1658 1568 1680 1601 5

74 1622 276 1666 defletum
313 1624 359 1666 in
397 1624 510 1677 foro,
551 1624 774 1666 laudatum
813 1639 892 1679 pro
932 1625 1104 1680 rostris,
1144 1627 1296 1668 cuncta
1333 1640 1359 1668 a
1395 1625 1631 1668 maioribus

75 1685 246 1738 reperta
283 1685 358 1725 aut
394 1698 502 1738 quae
538 1683 702 1739 posteri
737 1684 978 1726 invenerint
1008 1685 1237 1727 cumulata.
1298 1687 1343 1727 at
1374 1683 1631 1727 Germanico

72 1755 128 1784 ne
166 1742 316 1784 solitos
356 1743 527 1798 quidem
563 1745 607 1785 et
644 1742 893 1799 cuicumque
928 1744 1067 1787 nobili
1104 1744 1270 1787 debitos
1307 1744 1493 1787 honores
1533 1759 1629 1787 con-

122 1861 155 1893 4.
175 1858 312 1894 diurna
331 1862 492 1895 actorum
510 1859 709 1904 scriptura,
730 1859 811 1895 das-

73 1903 178 1940 selbe
213 1905 282 1941 wie
317 1906 455 1942 diurna
486 1907 620 1951 populi
652 1906 814 1942 Romani

77 1955 133 1996 16,
147 1955 204 1995 22,
231 1952 434 1998 eigentlich
452 1954 591 1989 diurna
610 1954 712 1988 urbis
731 1958 814 1990 acta

76 2003 132 2042 13,
147 2003 202 2035 31.
235 1999 283 2034 Es
304 2011 378 2035 war
403 1999 484 2035 eine
504 2002 573 2035 Art
597 1999 815 2044 politischer

73 2027 248 2091 Zeitung,
292 2046 352 2082 die
395 2046 464 2082 seit
507 2045 636 2082 Casars
679 2049 814 2082 erstem

76 2092 280 2130 Konsulate
305 2093 546 2140 regelmassig
570 2093 748 2130 erschien.

122 2150 154 2182 5.
180 2137 280 2182 Uber
304 2158 412 2193 super
437 2146 580 2182 s.Ein1.
601 2150 631 2190 §—
654 2151 709 2183 55.

121 2203 154 2234 9.
188 2199 332 2236 Tiberio
363 2200 397 2236 d.
424 2201 459 2237 h.
487 2200 603 2235 durch
634 2200 699 2237 das
729 2199 812 2236 Bei-

0 2283 2 2300 ἶ
71 2246 169 2291 spiel
194 2247 259 2283 des
284 2247 365 2283 Tib.

118 2298 155 2335 4.
184 2304 214 2335 1.
241 2302 391 2345 tumulo,
411 2300 477 2337 das
496 2300 728 2336 Mausoleum
747 2301 812 2336 des

0 2359 8 2386 j
70 2346 261 2392 Augustus
299 2347 368 2383 auf
399 2348 483 2383 dem
521 2348 729 2385 Marsfelde.
766 2369 811 2375 —

71 2394 148 2430 dies
166 2405 234 2440 per
258 2396 442 2432 silentium
459 2400 595 2439 vastus,
620 2396 702 2431 eine
721 2407 811 2441 poe-

0 2442 6 2479 i
69 2440 188 2477 tische
219 2441 428 2488 Wendung.
479 2443 590 2479 Sonst
623 2442 737 2478 heisst
771 2454 809 2479 ee

0 2522 3 2526 .
69 2492 210 2525 vastum
233 2490 417 2526 silentium
440 2494 474 2535 4,
500 2494 555 2527 50.
582 2491 668 2526 hist.
695 2494 728 2534 3,
754 2495 807 2526 13.

70 2535 200 2571 Besser
231 2537 292 2573 bei
317 2537 416 2574 Curt
446 2542 505 2580 10,
532 2542 571 2581 5,
598 2541 617 2573 7
643 2539 738 2574 velut
767 2539 810 2573 in

70 2587 176 2619 vasta
193 2585 390 2621 solitudine
408 2586 530 2621 omnia
548 2586 647 2621 tristi
664 2586 809 2621 silentio

0 2628 3 2677 j
69 2634 171 2666 muta
193 2632 392 2682 torpebant.

117 2686 150 2718 2.
175 2674 276 2719 fiber
298 2684 365 2720 das
389 2684 646 2722 unklassische
668 2686 810 2732 inquies

67 2740 96 2764 8
116 2741 160 2812 {u
182 2733 411 2817 ἕωθῗιόαννηίε,
450 2779 561 2815 Sonst
585 2780 723 2825 gingen
748 2779 808 2816 die

70 2821 277 2861 Soldaten
266 2837 304 2861 in
324 2825 388 2861 der
407 2825 516 2862 Stadt
535 2826 631 2863 ohne
645 2827 808 2863 Waffen-

68 2871 234 2918 rt‘istung.

933 1863 965 1896 9.
998 1861 1232 1906 antiquitatis
1263 1860 1353 1905 „der
1382 1861 1499 1906 guten
1524 1861 1627 1896 alten

886 1907 965 1942 Zeit
1007 1908 1084 1943 und.
1128 1907 1263 1943 Sitte“.
1326 1906 1400 1944 cic.
1435 1920 1471 1953 p.
1501 1907 1627 1944 Rabir.

886 1954 986 1990 Post.
1015 1958 1059 1990 10
1090 1956 1341 1991 documentum
1371 1956 1447 1999 fuit
1476 1956 1631 1991 homini-

887 2002 954 2037 bus
996 2003 1131 2038 nostris
1172 2003 1338 2047 virtutis,
1382 2003 1631 2048 antiquitatis,

880 2050 1111 2094 prudentiae.

934 2101 972 2136 5.
1001 2105 1030 2137 1.
1062 2101 1267 2137 Feierliche
1293 2102 1538 2148 Begrabnisse
1563 2103 1632 2139 auf

886 2148 1146 2185 Staatskosten
1180 2150 1386 2195 (publicum
1420 2150 1509 2186 oder
1546 2161 1626 2186 cen-

884 2197 1022 2231 sorium
1051 2197 1180 2241 sunus)
1212 2196 1385 2233 kommen
1415 2198 1531 2233 echon
1562 2210 1630 2234 zur

884 2243 965 2279 Zeit
982 2244 1049 2278 der
1068 2243 1256 2289 Republik
1274 2255 1351 2280 vor.
1391 2244 1448 2280 Da
1473 2244 1534 2281 die
1559 2245 1630 2283 Be-

884 2292 1057 2336 stattung
1088 2291 1226 2327 bereits
1258 2291 1297 2327 in
1321 2291 1522 2329 Antiochia
1553 2292 1624 2330 mit

885 2338 997 2373 allem
1034 2338 1152 2384 Pomp
1196 2339 1407 2384 geschehen
1443 2351 1538 2386 war,
1583 2353 1624 2378 so

884 2384 1023 2421 konnte
1055 2386 1115 2421 die
1146 2385 1440 2440 Wiederholung
1470 2388 1526 2424 als
1559 2400 1626 2424 un-

881 2433 1040 2478 passend
1065 2433 1292 2470 erscheinen.

929 2489 960 2522 2,
993 2487 1152 2522 honorus
1176 2489 1252 2522 erst
1277 2487 1316 2523 in
1341 2488 1414 2524 den
1433 2487 1620 2534 Annalem

881 2535 984 2569 sonst
1007 2533 1244 2570 dichterisch.

928 2589 961 2621 3.
991 2586 1176 2631 Ticinum,
1199 2587 1292 2632 jetzt
1315 2587 1449 2632 Pania,
1483 2599 1530 2624 an
1555 2589 1622 2626 der

880 2631 1075 2679 Mundung
1099 2634 1164 2669 des
1189 2634 1340 2669 Ticinus
1366 2634 1405 2670 in
1430 2615 1502 2671 den
1526 2636 1591 2673 Po.

930 2690 960 2722 5.
999 2685 1252 2730 Claudiorum,
1289 2687 1374 2722 weil
1412 2688 1477 2724 der
1508 2689 1623 2727 Vater

882 2732 946 2768 des
978 2733 1120 2769 alteren
1150 2733 1289 2770 Drusus
1314 2734 1484 2771 Tiberius
1511 2735 1619 2774 Clau-

881 2780 962 2816 dius
994 2781 1093 2816 Nero
1125 2791 1216 2825 wax-3
1244 2782 1447 2827 Iuliorum,
1476 2783 1531 2819 als
1558 2785 1620 2821 be-

881 2827 1035 2864 sondere
1083 2828 1387 2874 Auszeiohnung‚
1444 2830 1619 2878 obgleich

878 2874 1068 2921 Augustus
1099 2887 1169 2910 nur
1200 2876 1280 2912 sein
1306 2876 1505 2914 Stiefvater
1529 2890 1617 2916 war.
