1794 3126
573 112 718 149 LIBER
742 113 837 149 XIV.
871 112 975 149 CAP.
1000 117 1151 149 48-52.

1560 111 1644 155 157

83 222 336 265 scendorum
374 223 588 266 honorum
624 223 703 265 ius.
765 235 873 276 quae
910 235 1039 263 causa
1069 220 1233 263 Neroni
1269 220 1354 263 fuit
1385 221 1646 276 suscipiendi
1672 232 1693 264 5

82 282 237 338 iudicii,
268 283 593 338 convictumque
617 281 900 324 Veientonem
931 279 1062 337 Italia
1092 279 1256 335 depulit
1287 283 1331 322 et
1361 279 1496 322 libros
1529 282 1647 323 exuri

82 341 227 396 iussit,
265 342 529 398 conquisitos
563 340 882 395 lectitatosque,
919 339 1052 381 donec
1083 353 1180 382 cum
1211 339 1402 393 periculo
1433 340 1646 394 paraban-

82 402 172 443 tur:
202 415 304 443 mox
334 401 509 443 licentia
538 399 727 442 habendi
758 399 1018 442 oblivionem
1050 399 1208 441 attulit.

202 458 285 502 Sed
315 459 667 517 gravescentibus
697 459 743 500 in
775 458 865 501 dies
897 458 1080 514 publicis
1112 458 1236 500 malis
1264 457 1455 499 subsidia
1479 457 1643 500 minue·
1660 459 1715 501 51

85 519 263 574 bantur,
303 519 596 574 concessitque
627 519 717 561 vita
746 517 929 573 Burrus,
965 518 1177 560 incertum
1208 516 1452 559 valetudine
1491 531 1548 559 an
1578 532 1647 559 ve-

83 593 207 622 neno.
255 578 455 621 valetudo
487 592 539 620 ex
570 592 620 620 eo
648 577 986 631 coniectabatur,
1017 577 1130 632 quod
1161 577 1208 619 in
1234 591 1278 619 se
1306 576 1646 619 tumescentibus

80 637 292 692 paulatim
321 638 519 680 faucibus
552 639 596 680 et
626 637 834 692 impedito
866 639 1011 679 meatu
1043 636 1242 691 spiritum
1273 636 1463 678 finiebat.
1500 635 1645 691 plures

78 697 199 739 iussu
229 695 436 752 Neronis,
473 697 596 752 quasi
633 697 867 739 remedium
905 696 1197 750 adhiberetur,
1237 695 1413 738 inlitum
1450 696 1646 751 palatum
1671 707 1693 739 5

81 756 172 798 eius
203 757 332 799 noxio
364 756 647 799 medicamine
673 756 996 811 adseverabant,
1027 758 1070 798 et
1093 754 1282 797 Burrum
1306 755 1528 797 intellecto
1555 769 1644 798 sce-

77 815 182 871 lere,
219 829 315 858 cum
346 816 399 858 ad
432 815 656 858 visendum
687 830 783 858 eum
820 816 1020 870 princeps
1051 815 1260 870 venisset,
1299 816 1522 869 aspectum
1554 814 1643 857 eius

78 877 322 926 aversatum
373 875 612 918 sciscitanti
660 875 869 917 hactenus
919 874 1212 930 respondisse:
1262 872 1363 930 ‘ego
1415 887 1483 915 me
1532 874 1642 916 bene

77 933 246 977 habeo?
302 935 466 977 civitati
498 934 659 991 grande
690 934 946 976 desiderium
972 934 1062 976 eius
1093 933 1253 975 mansit
1282 948 1359 989 per
1389 933 1643 975 memoriam

79 993 251 1036 virtutis
284 997 327 1036 et
358 1009 653 1037 successorum
689 993 866 1036 alterius
905 1007 1081 1049 segnem
1119 993 1430 1047 innocentiam,
1467 992 1643 1035 alterius
1671 1003 1716 1036 10

82 1052 423 1108 flagrantissima
453 1053 632 1109 flagitia.
682 1053 840 1108 quippe
873 1051 1033 1095 Caesar
1063 1052 1170 1095 duos
1200 1052 1427 1108 praetoriis
1460 1051 1644 1094 cohorti-

76 1111 157 1154 bus
195 1113 476 1168 imposuerat,
518 1112 725 1155 Faenium
763 1112 924 1154 Rufum
964 1127 1014 1154 ex
1051 1112 1171 1167 vulgi
1207 1112 1372 1166 favore,
1416 1111 1518 1166 quia
1554 1125 1646 1153 rem

76 1170 403 1214 frumentariam
448 1172 541 1214 sine
592 1174 774 1227 quaestu
815 1172 1051 1226 tractabat,
1101 1170 1326 1214 Sofonium
1369 1170 1645 1226 Tigellinum,

75 1233 262 1272 veterem
293 1231 592 1286 inpudicitiam
624 1234 752 1287 atque
783 1231 1007 1273 infamiam
1038 1231 1083 1272 in
1115 1245 1164 1273 eo
1197 1232 1379 1272 secutus.
1419 1232 1547 1285 atque
1578 1230 1646 1272 illi

75 1304 154 1344 pro
187 1291 373 1346 cognitis
404 1291 596 1333 moribus
628 1291 759 1346 fuere,
789 1290 973 1332 validior
1004 1289 1247 1346 Tigellinus
1277 1289 1322 1331 in
1350 1289 1494 1331 animo
1526 1289 1643 1344 prin-
1671 1300 1715 1333 15

76 1349 184 1404 cipis
217 1354 260 1391 et
289 1350 454 1392 intimis
484 1350 733 1393 libidinibus
766 1349 1038 1405 adsumptus,
1069 1363 1276 1404 prospera
1306 1348 1457 1403 populi
1488 1351 1532 1391 et
1563 1349 1643 1391 mi-

77 1407 205 1450 litum
231 1409 348 1452 fama
372 1409 523 1465 Rufus,
554 1410 668 1465 quod
693 1409 806 1464 apud
830 1408 1048 1451 Neronem
1074 1408 1301 1451 adversum
1331 1408 1642 1463 experiebatur.

195 1467 313 1511 Mors
350 1468 476 1512 Burri
512 1469 691 1525 infregit
729 1467 914 1511 Senecae
957 1468 1214 1524 potentiam,
1259 1468 1361 1523 quia
1397 1482 1478 1509 nec
1514 1467 1641 1510 bonis
1657 1469 1715 1512 52

76 1527 242 1569 artibus
273 1528 387 1570 idem
418 1529 574 1570 virium
606 1530 699 1570 erat
730 1527 865 1570 altero
892 1528 1011 1570 velut
1043 1527 1147 1570 duce
1180 1529 1339 1581 amoto,
1371 1528 1415 1568 et
1438 1525 1556 1569 Nero
1588 1526 1644 1569 ad

79 1585 309 1629 deteriores
328 1588 578 1630 inclinabat.
610 1588 658 1630 hi
677 1587 807 1630 variis
827 1587 1202 1630 criminationibus
1222 1586 1427 1629 Senecam
1448 1586 1645 1628 adoriun-

74 1647 412 1702 tur,·tamquam
436 1648 636 1703 ingentes
662 1649 705 1689 et
735 1646 951 1703 privatum
978 1646 1153 1689 modum
1178 1649 1348 1689 evectas
1374 1659 1478 1700 opes
1505 1645 1644 1688 adhuc

74 1749 298 1786 kaiserliche
324 1751 467 1787 Stellen
500 1753 576 1788 und
601 1751 822 1788 Gnadenbe-

75 1808 292 1843 zeugungen
328 1800 602 1844 nachgesueht,
642 1799 722 1835 sich
757 1799 822 1834 be-

74 1846 227 1880 stechen
240 1845 335 1891 flers,
355 1859 420 1881 um
431 1846 545 1882 ihnen
559 1847 676 1882 durch
694 1846 822 1882 seinen

73 1892 230 1928 Einfluss
256 1893 349 1929 dazu
374 1906 418 1929 zu
441 1894 644 1930 verhelfen.

122 1943 155 1975 6.
174 1941 318 1976 iudicii.
351 1941 426 1976 Der
437 1941 571 1977 Kaiser
588 1953 666 1976 war
678 1941 820 1987 befugt,

77 1987 134 2022 als
147 1987 301 2024 Richter
312 2000 356 2023 zu
368 1988 575 2035 fungieren.
601 1989 668 2024 Bei
681 1989 821 2024 seinem

73 2034 444 2080 Regierungsantritt
473 2037 580 2071 hatte
612 2036 711 2072 Nero
742 2047 822 2072 ver-

73 2081 231 2128 heissen,
257 2083 336 2118 dies
361 2084 479 2118 selten
505 2096 549 2119 zu
567 2084 674 2120 thun.
712 2088 768 2127 13,
787 2088 821 2119 4.

123 2133 154 2165 7.
175 2130 287 2166 donec
300 2142 363 2176 „so
382 2130 494 2176 lange
508 2131 598 2175 als“,
618 2133 742 2167 zuerst
760 2131 823 2167 bei

74 2176 265 2224 Dichtern,
272 2182 348 2213 erst
360 2178 432 2214 seit
438 2178 566 2214 Livius
576 2179 614 2213 in
623 2179 689 2214 der
695 2179 821 2221 Prosa,

74 2224 145 2259 mit
164 2225 249 2260 dem
268 2226 474 2271 Imperfekt
490 2227 589 2262 noch
614 2226 700 2262 hist.
722 2230 755 2271 4,
778 2230 821 2261 12

73 2272 186 2307 dome
200 2276 305 2308 trans
317 2273 485 2309 Rhenum
502 2274 677 2319 ayebant;
695 2274 766 2309 mit
786 2274 821 2310 d.

72 2317 227 2355 Perfekt
247 2331 330 2356 ann.
352 2325 384 2366 1,
405 2324 459 2358 68.
481 2325 514 2366 6,
534 2325 579 2357 51
599 2322 711 2357 donec
730 2322 821 2357 Ger-

72 2367 240 2403 manicus
252 2378 296 2403 ac
301 2368 451 2404 Drusus
459 2370 678 2414 superfuere.
690 2369 777 2405 dial.
786 2373 819 2405 8.

121 2462 185 2498 51.
238 2467 269 2498 1.
311 2474 515 2509 gravescere
558 2465 650 2499 statt
692 2465 818 2509 inyra-

72 2519 225 2554 vescere,
263 2511 409 2556 auyeri,
452 2511 492 2546 in
528 2511 669 2547 diesem
706 2511 818 2547 Sinne

74 2568 146 2591 nur
169 2557 266 2592 noch
294 2561 325 2602 1,
352 2561 373 2593 5
398 2558 475 2593 und
499 2559 561 2594 bei
585 2559 732 2595 Lucrez.

120 2608 155 2639 2.
175 2595 275 2640 Uber
293 2606 479 2641 concedere
497 2607 574 2641 vita
587 2617 614 2641 s.
629 2618 674 2641 zu
691 2610 746 2651 12,
761 2610 818 2643 39.

121 2655 154 2687 3.
180 2653 222 2687 in
239 2663 276 2688 se
301 2653 419 2698 „nach
438 2653 586 2698 innen“,
612 2653 735 2690 sodass
759 2653 819 2690 die

75 2697 276 2735 Lustrohre
303 2711 416 2746 enger
435 2699 540 2736 wird.
580 2700 663 2736 Sen.
684 2712 742 2747 ep.
762 2705 820 2746 95,

77 2749 121 2781 16
147 2747 189 2781 in
212 2758 248 2783 se
266 2749 561 2793 putrescentium.

122 2798 154 2829 4.
175 2798 313 2831 meatus
332 2795 549 2831 bezeichnet
567 2795 629 2831 die
648 2795 819 2841 Respira-

72 2839 170 2884 tion,
213 2841 286 2878 wie
328 2842 391 2878 bei
428 2842 581 2886 Quintil.
622 2847 654 2886 7,
689 2847 743 2887 10,
776 2846 820 2878 10

72 2888 238 2932 spiritus.
276 2889 370 2925 Plin.
392 2901 448 2936 ep.
471 2895 504 2935 6,
525 2894 580 2936 16,
601 2894 643 2926 13
664 2891 818 2927 animae.

944 1756 976 1788 5.
1013 1752 1163 1787 inlitum
1202 1751 1384 1796 palatum.
1434 1750 1513 1786 Auf
1551 1751 1643 1785 ahu-

895 1799 992 1834 liche
1011 1799 1138 1834 Weise
1158 1809 1235 1833 war
1248 1797 1426 1834 Claudius
1444 1797 1643 1843 vergiftet;

897 1851 953 1890 12,
979 1850 1023 1882 67
1050 1847 1212 1891 pinnam
1235 1846 1368 1891 rapido
1393 1855 1526 1880 veneno
1553 1846 1645 1880 inli-

894 1898 969 1929 tam
987 1894 1160 1937 faucibus
1178 1894 1258 1928 eius
1275 1893 1457 1928 demisisse
1469 1893 1643 1928 ereditur.

941 1944 975 1976 8.
1020 1941 1193 1976 hactenus
1237 1952 1331 1984 „nur
1368 1939 1528 1983 soviel“,
1572 1939 1644 1976 wie

896 1993 952 2033 12,
977 1992 1022 2023 42
1059 1989 1231 2023 hactenus
1269 1987 1437 2023 Vitellius
1466 1987 1639 2023 voluerat.

897 2040 952 2080 14,
980 2040 1001 2071 3
1026 2036 1199 2071 hactenus
1223 2035 1444 2070 consultans.

944 2087 999 2118 11.
1031 2083 1322 2128 flaqrantissima
1356 2083 1512 2127 flayitia.
1555 2081 1642 2128 Vgl.

894 2143 939 2166 zu
971 2130 1092 2166 dieser
1122 2129 1460 2175 ungewchnlichen
1487 2129 1643 2165 Verbin-

895 2178 1015 2224 dung:
1059 2178 1147 2213 hist.
1179 2181 1212 2221 2,
1245 2181 1289 2212 31
1333 2178 1642 2223 flayrantissimae

895 2227 1075 2262 libidines,
1119 2237 1202 2261 ann.
1231 2228 1286 2269 14,
1311 2229 1330 2259 1
1357 2225 1576 2271 flaqrantior
1599 2225 1642 2260 in

895 2274 972 2309 dies
996 2284 1116 2309 amore
1143 2273 1351 2318 Poppaeae.

943 2325 998 2356 12.
1031 2322 1273 2366 imposuerat,
1316 2319 1514 2355 scheinbar
1549 2320 1643 2355 statt

892 2369 1083 2416 imposuit,
1108 2368 1178 2403 wie
1205 2367 1272 2413 Kp.
1300 2371 1345 2403 37
1372 2370 1566 2404 auxerant.
1593 2387 1639 2393 -

892 2416 993 2451 Uber
1022 2415 1181 2451 Faenius
1213 2413 1332 2450 Rufus
1370 2426 1398 2449 s.
1433 2427 1479 2449 zu
1513 2418 1568 2459 13,
1594 2418 1639 2449 22

892 2463 970 2498 und
995 2464 1086 2498 fiber
1111 2461 1320 2507 Tigellinus
1345 2473 1389 2496 zu
1417 2466 1472 2505 14,
1498 2464 1556 2496 48.

942 2514 996 2546 15.
1028 2510 1189 2545 validior
1218 2510 1261 2544 in
1292 2509 1415 2544 animo
1443 2509 1509 2543 ott.
1551 2507 1640 2554 Vgl.

892 2562 925 2602 4,
952 2562 996 2593 12
1037 2557 1171 2592 Prisca
1210 2558 1253 2591 in
1289 2557 1413 2591 animo
1449 2556 1641 2601 Augustae

890 2606 1029 2640 valida.
1074 2607 1130 2648 15,
1156 2607 1201 2639 50
1232 2615 1334 2649 quem
1367 2603 1568 2648 Tiyellinus
1597 2604 1641 2639 in

892 2653 1025 2688 animo·
1046 2652 1233 2697 principis
1270 2651 1433 2686 anteibat
1476 2651 1538 2696 „in
1575 2651 1641 2687 der

894 2700 1017 2736 Gunst
1040 2699 1241 2735 iibertraf‘.

939 2794 1004 2831 52.
1039 2798 1072 2829 4.
1105 2793 1173 2828 Die
1206 2793 1371 2837 Griinde‚
1406 2793 1546 2830 welche
1577 2793 1638 2829 die

892 2842 1085 2887 Ankl‘ager
1098 2840 1291 2885 anfiihren,
1313 2840 1397 2876 sind
1416 2839 1533 2876 durch
1546 2844 1639 2877 tam—

892 2901 1019 2935 quam,
1050 2889 1146 2934 quod
1169 2888 1247 2924 und
1277 2889 1384 2934 quasi
1408 2887 1638 2934 eingeleitet.
