1806 3120
204 73 287 116 150

628 73 857 110 CORNELII
881 72 1045 110 TACITI
1069 72 1327 110 ANNALIUM

198 181 454 237 exciperent.
501 196 638 237 neque
664 182 769 224 satis
796 182 1024 225 constabat
1049 181 1150 237 quid
1174 196 1252 237 pro
1278 183 1472 237 tempore
1496 180 1620 237 foret,
1651 196 1749 225 cum

198 241 348 283 classis
380 241 589 296 paulatim
621 241 844 296 suecessit,
874 255 961 283 non
992 240 1135 296 alacri,
1166 243 1214 283 ut
1245 241 1420 296 adsolet,
1451 240 1643 297 remigio,
1675 241 1750 284 sed

129 310 171 343 15
199 300 363 342 cunctis
390 300 443 342 ad
467 300 691 342 tristitiam
717 300 978 355 compositis.
1020 302 1250 354 postquam
1275 300 1440 343 duobus
1467 314 1563 342 eum
1587 299 1749 355 liberis,

197 359 374 401 feralem
399 374 551 401 urnam
577 362 739 414 tenens,
766 373 940 415 egressa
958 358 1059 400 navi
1078 358 1224 400 defixit
1242 359 1401 414 oculos,
1425 358 1538 400 idem
1558 358 1749 402 omnium

197 418 399 474 gemitus3
440 433 575 473 neque
616 418 877 460 discerneres
919 418 1137 472 proximos
1179 418 1357 470 alienos,
1397 418 1587 460 virorum
1626 417 1746 460 femi-

196 491 400 520 narumve
449 477 666 532 planctus,
717 477 802 518 nisi
845 477 957 531 quod
1008 477 1257 519 comitatum
1300 476 1567 533 Agrippinae
1616 477 1747 533 longo

197 550 389 578 maerore
421 536 579 578 fessum
612 535 728 578 obvii
760 538 802 577 et
833 537 1025 578 recentes
1056 536 1102 578 in
1132 535 1277 578 dolore
1310 536 1545 579 anteibant.

314 595 493 637 Miserat
530 595 634 636 duas
671 595 910 649 praetorias
949 594 1146 637 cohortes
1179 592 1352 648 Caesar,
1392 595 1536 637 addito
1573 596 1623 636 ut
1660 609 1747 637 ma-

198 655 407 710 gistratus
450 652 675 695 Calabriae
714 653 927 709 Apulique
969 656 1011 696 et
1044 652 1254 709 Campani
1298 668 1499 709 suprema
1530 667 1634 710 erga
1663 667 1749 695 me·

196 713 373 755 moriam
414 713 492 754 filii
532 713 598 754 sui
639 712 785 754 munia
821 712 1112 768 fungerentur.
1172 713 1306 769 igitur
1342 713 1615 755 tribunorum
1655 726 1748 754 een-

195 772 496 826 turionumque
519 771 674 813 umeris
694 771 854 813 cineres
874 772 1172 827 portabantur3
1191 772 1504 827 praecedebant
1521 771 1742 826 incompta

149 841 169 873 5
197 832 334 887 signa,
360 830 472 872 versi
502 830 656 886 fasces3
690 833 817 885 atque
849 831 923 873 ubi
948 830 1137 873 colonias
1163 831 1573 886 transgrederentur,
1605 832 1746 872 atrata

195 890 353 945 plebes,
383 890 568 931 trabeati
600 889 763 945 equites
794 904 870 944 pro
903 890 1056 945 opibus
1087 889 1173 932 loci
1202 892 1365 932 vestem
1396 890 1547 932 odores
1574 889 1743 944 aliaque

196 948 393 991 funerum
425 948 651 991 sollemnia
682 949 940 990 cremabant.
1003 948 1132 990 etiam
1164 962 1344 1003 quorum
1375 948 1543 991 diversa
1575 948 1746 1004 oppida,

195 1010 341 1050 tamen
380 1008 497 1050 obvii
538 1011 580 1050 et
619 1007 815 1050 victimas
856 1011 984 1063 atque
1026 1022 1121 1049 aras
1163 1007 1228 1049 dis
1266 1007 1466 1050 manibus
1507 1009 1746 1050 statuentes

194 1066 381 1109 lacrimis
431 1070 474 1109 et
522 1066 935 1109 conclamationibus
986 1066 1177 1109 dolorem
1224 1066 1508 1108 testabantur.

126 1137 169 1169 10
195 1126 471 1169 Tarracinam
502 1140 754 1193 progressus
786 1128 851 1168 est
882 1140 978 1167 cum
1009 1124 1185 1167 Claudio
1216 1124 1350 1167 fratre
1381 1125 1612 1180 liberisque
1644 1123 1745 1167 Ger-

1581 1065 1746 1108 Drusus

195 1185 364 1236 manici,
396 1185 469 1241 qui
501 1186 546 1226 in
578 1185 681 1227 urbe
707 1185 887 1226 fuerant.
938 1170 1137 1226 consules
1159 1183 1215 1226 M.
1236 1184 1435 1227 Valerius
1462 1186 1505 1226 et
1529 1183 1585 1226 M.
1612 1183 1747 1226 Aure-

194 1245 276 1286 lius
304 1244 410 1300 (iam
443 1244 557 1286 enim
588 1244 893 1300 magistratum
925 1242 1198 1300 occeperant)
1225 1246 1268 1285 et
1298 1246 1472 1286 senatus
1506 1257 1554 1285 ac
1585 1256 1748 1299 magna

194 1318 291 1357 pars
335 1303 483 1358 populi
526 1304 639 1345 viam
682 1303 950 1357 conplevere,
995 1302 1160 1344 disiecti
1203 1305 1246 1344 et
1289 1305 1338 1345 ut
1380 1303 1531 1358 cuique
1574 1301 1748 1344 libitum

194 1362 360 1417 flentes3
393 1362 542 1404 aberat
571 1362 729 1418 quippe
762 1361 963 1418 adulatio,
993 1362 1138 1416 gnaris
1166 1361 1364 1404 omnibus
1389 1362 1548 1403 laetam
1573 1360 1745 1403 Tiberio

127 1432 168 1464 15
195 1420 438 1464 Germanici
470 1424 652 1463 mortem
684 1421 794 1462 male
826 1421 1100 1463 dissimulari.

313 1479 507 1522 Tiberius
535 1483 662 1535 atque
688 1479 887 1535 Augusta
910 1479 1083 1534 publico
1116 1479 1372 1534 abstinuere,
1407 1479 1584 1521 inferius
1616 1478 1746 1521 maie-

195 1541 307 1581 state
340 1553 416 1581 sua
446 1540 546 1592 rati,
581 1540 616 1581 si
647 1539 792 1593 palam
822 1538 1174 1593 lamentarentur,
1213 1552 1268 1579 an
1299 1552 1352 1579 ne
1384 1538 1575 1580 omnium
1607 1537 1742 1580 oculis

194 1598 361 1640 vultum
387 1612 534 1640 eorum
560 1597 850 1640 scrutantibus
876 1596 977 1639 falsi
1000 1597 1360 1651 intellegerentur.
1401 1599 1583 1638 matrem
1608 1596 1744 1638 Anto-

242 1741 294 1773 14.
340 1728 439 1819 Elber
480 1738 568 1784 quid
611 1738 702 1773 statt
738 1740 861 1773 utrum
898 1749 927 1773 s.

194 1789 297 1920 ζῷ’.
321 1789 460 1883 iib'eris,
483 1838 647 1874 namlioh
667 1837 840 1883 Caligula
860 1837 935 1873 und

218 1886 303 1975 uili}
322 1939 481 1983 feralem,
507 1938 577 1974 wie
603 1943 635 1982 2,
658 1942 712 1974 74.
740 1958 784 1964 -
809 1938 937 1982 defiaeit

195 1987 331 2030 oeulos,
364 1986 442 2023 scil.
468 1987 552 2022 solo.
603 1986 687 2031 Vgl.
713 1985 814 2031 Virg.
843 1987 933 2021 Aen.

196 2037 234 2077 6,
260 2037 329 2069 469
356 2034 424 2069 illa
447 2034 522 2069 solo
546 2033 639 2077 fixos
664 2033 783 2068 oculos
808 2043 936 2068 aversa

195 2081 344 2116 tenebat.
391 2084 457 2116 156
483 2081 623 2125 defixus
647 2081 798 2116 lumina.

242 2134 278 2169 2.
319 2137 349 2169 1.
387 2134 524 2169 addito.
571 2133 707 2169 Diesen
739 2133 936 2168 absoluten
983 2172 986 2174 ,

194 2180 347 2216 Ablativ
377 2180 445 2216 hat
479 2180 630 2215 Tacitus
663 2181 759 2215 oster
791 2180 830 2215 in
864 2180 936 2215 den

194 2226 380 2263 Annalen:
409 2231 437 2270 1,
459 2231 514 2263 35.
543 2232 575 2271 2,
595 2231 651 2263 28.
678 2232 710 2272 5,
731 2231 763 2262 2.
795 2227 934 2272 (Etwas

196 2273 436 2310 abweichend
449 2275 534 2310 hist.
549 2279 582 2316 4,
599 2276 668 2320 17.)
700 2274 806 2309 Auch
820 2275 934 2310 sehon

195 2322 289 2357 Plin.
309 2334 345 2357 n.
366 2322 400 2357 h.
425 2325 467 2357 15
494 2325 525 2364 ξ.
547 2325 601 2357 62.

242 2379 274 2410 2.
314 2385 401 2421 erya
431 2375 644 2410 memoriam.
685 2373 836 2409 Tacitus
870 2374 933 2409 be-

195 2421 294 2457 zieht
313 2421 373 2458 die
394 2421 625 2467 Praposition
651 2432 736 2467 erya
756 2420 934 2456 zuweilen

195 2468 263 2504 auf
303 2468 488 2504 sachliche
525 2469 601 2504 und
637 2468 827 2504 abstrakte
864 2468 932 2503 Be-

194 2516 317 2561 griffe,
355 2516 425 2552 wie
462 2519 502 2560 4,
538 2519 582 2551 20
619 2526 707 2561 erya
737 2516 932 2561 pecuniam

195 2564 353 2599 alienam
377 2564 578 2607 diliyentia.
617 2563 683 2598 Bei
702 2563 864 2598 anderen
882 2562 933 2598 ist

197 2610 276 2646 dies
296 2610 382 2646 sehr
401 2610 534 2646 selten:
562 2610 636 2646 Cic.
651 2610 696 2645 de
715 2621 817 2655 prov.
832 2620 931 2645 cons.

196 2661 214 2692 1
241 2669 327 2703 erya
351 2669 464 2694 meam
488 2658 638 2693 salutem
662 2658 732 2701 fide
757 2668 800 2692 ac
833 2657 931 2692 bene-

195 2705 353 2740 volentia
394 2705 586 2750 sinyulari.
637 2704 732 2739 Plin.
763 2704 852 2740 Pan.
887 2707 932 2739 50

195 2763 366 2797 maynum
395 2753 459 2788 hoc
486 2756 590 2788 tuam
613 2762 687 2787 mm
712 2762 797 2797 erya
820 2751 932 2786 homi-

194 2809 257 2834 nes
286 2800 407 2842 modo,
438 2800 499 2835 sed
529 2810 614 2844 erya
638 2802 731 2835 tecta
755 2799 930 2834 meritum.

195 2844 300 2880 Auch
324 2845 385 2880 bei
410 2844 556 2881 Curtius
581 2846 657 2881 und
682 2845 865 2881 Ammian.

1053 1740 1086 1771 3.
1121 1736 1230 1781 funyi
1262 1735 1332 1771 mit
1365 1736 1450 1771 dem
1482 1734 1613 1772 Aecus,
1648 1735 1744 1771 auch

1007 1787 1046 1826 4,
1073 1786 1117 1819 38
1143 1784 1276 1827 officia.
1327 1782 1474 1819 Ebenso
1510 1782 1549 1818 in
1574 1782 1640 1818 der
1663 1793 1745 1818 vor-

1007 1830 1259 1866 klassischeen
1300 1831 1376 1866 und
1418 1829 1745 1866 nachklassisehen

1007 1876 1099 1915 Zeit.

1056 1928 1087 1960 5.
1120 1925 1185 1960 ubi
1216 1924 1285 1960 mit
1315 1924 1399 1960 dem
1423 1922 1655 1970 Konjunktiv
1679 1923 1745 1960 der

1009 1971 1327 2017 Wiederholung,
1345 1983 1372 2006 s.
1393 1971 1488 2007 Einl.
1509 1975 1539 2014 ἓ.
1560 1975 1617 2007 88.

1057 2028 1087 2060 7.
1122 2025 1265 2061 diversa
1302 2023 1556 2070 „abgelegen“
1586 2023 1656 2059 wie
1687 2034 1743 2069 cp.

1007 2075 1052 2107 59
1078 2072 1217 2107 diverso
1243 2075 1433 2107 terrarum.
1471 2075 1501 2115 1,
1524 2074 1565 2105 17
1585 2071 1746 2107 diversas

1006 2120 1049 2154 in
1073 2123 1199 2164 terras,
1225 2118 1300 2154 und
1325 2118 1430 2154 ofter.

1056 2176 1111 2210 10.
1136 2171 1205 2207 Die
1224 2171 1303 2207 vier
1320 2170 1360 2206 in
1378 2171 1473 2206 Rom
1498 2170 1743 2216 gebliebenen

1007 2220 1146 2255 Kinder
1171 2218 1271 2254 sind:
1300 2219 1447 2262 Drusus,
1474 2217 1584 2262 Nero,
1609 2217 1743 2263 Agrip-

1006 2267 1107 2313 pina,
1131 2265 1307 2302 Drusilla.

1055 2323 1108 2355 11.
1154 2310 1252 2354 Uber
1295 2317 1463 2354 Valerius
1506 2317 1671 2353 Messala
1713 2329 1740 2353 s.

1005 2379 1049 2402 zu
1082 2371 1119 2411 1,
1145 2370 1184 2410 83
1222 2365 1314 2401 fiber
1349 2364 1523 2401 Awrelius
1562 2363 1664 2401 Cotta
1699 2376 1744 2400 zu

1053 2465 1107 2496 12.
1132 2460 1290 2506 occipere
1313 2469 1405 2504 may.
1430 2459 1527 2494 nach
1551 2458 1689 2495 Livius.

1058 2513 1096 2550 3.
1139 2517 1171 2548 2.
1215 2511 1305 2547 Dafs
1347 2511 1418 2547 mit
1458 2511 1543 2547 dem
1578 2511 1742 2558 Partizip

1003 2562 1079 2597 rati
1112 2560 1172 2596 ein
1205 2559 1389 2594 Finalsatz
1424 2560 1547 2603 <ne—
1566 2559 1740 2606 intelliye-

1002 2609 1143 2652 rentur)
1179 2606 1493 2651 korrespondiert,
1536 2606 1586 2642 ist
1619 2617 1742 2652 gegen

1004 2655 1064 2690 die
1087 2653 1340 2697 Konzinnitat,
1366 2653 1435 2688 wie
1455 2657 1490 2699 2,
1517 2657 1560 2689 62
1585 2653 1741 2689 illiciens
1803 2659 1806 2662 ’

1003 2722 1048 2728 -
1079 2702 1190 2747 utque
1222 2701 1457 2736 insisteretur.
1505 2700 1592 2736 hist.
1623 2704 1662 2744 3,
1693 2703 1740 2754 46
1804 2707 1806 2709 ’

1002 2759 1143 2795 ynarus
1167 2758 1211 2783 ac
1234 2758 1279 2783 ne
1305 2767 1347 2773 —
1373 2748 1568 2793 inyrueret.
1617 2746 1665 2782 So
1685 2746 1742 2793 je-
1802 2775 1804 2779 ,

1003 2796 1099 2832 doch
1136 2794 1250 2831 sehon
1285 2793 1365 2830 Cas.
1397 2795 1432 2832 b.
1459 2805 1489 2830 c.
1523 2798 1562 2839 3,
1595 2797 1680 2839 109,
1707 2798 1738 2830 6.
1802 2786 1806 2822 ,¹-

1003 2843 1083 2878 Liv.
1112 2847 1143 2887 1,
1168 2846 1201 2886 4,
1227 2845 1259 2877 2.
1799 2852 1804 2869 ι
