1820 3100
637 83 782 120 LIBER
808 83 851 120 V.
903 83 1006 120 CAP.
1028 87 1131 120 1—3.
1585 84 1672 128 253

107 193 357 238 Germanici
400 192 567 236 adnexa
610 207 857 235 communes
900 194 1162 248 pronepotes
1204 192 1368 236 habuit.
1440 193 1672 237 sanctitate

108 254 264 297 domus
294 252 486 309 priscum
518 252 570 294 ad
603 266 779 307 morem,
811 252 944 294 comis
976 252 1091 294 ultra
1123 266 1252 307 quam
1284 251 1474 308 antiquis
1500 252 1673 295 feminis

107 313 358 369 probatum,
388 314 526 354 mater
555 312 772 367 inpotens,
802 326 910 353 uxor
939 310 1078 353 facilis
1110 314 1154 353 et
1185 325 1283 353 cum
1315 311 1482 353 artibus
1514 312 1674 367 mariti,

109 372 384 415 simulatione
414 371 494 413 filii
524 371 634 413 bene
666 371 918 426 composita.
979 370 1107 412 funus
1140 370 1230 412 eius
1268 370 1503 427 modicum,
1538 373 1674 413 testa-

107 434 301 474 mentum
333 430 404 473 diu
434 430 611 472 inritum
642 430 736 472 fuit.
784 429 961 472 laudata
993 432 1059 472 est
1087 444 1166 485 pro
1198 429 1351 472 rostris
1380 444 1406 472 a
1432 428 1541 473 Graio
1569 429 1672 473 Cae·
1701 442 1744 474 15

108 505 205 534 sare
236 491 486 547 pronepote,
518 490 591 546 qui
622 504 724 532 mox
754 504 896 531 rerum
929 489 1094 544 potitus
1126 491 1203 531 est.

228 552 289 592 At
318 549 534 605 Tiberius,
571 549 685 605 quod
723 549 932 604 supremis
971 549 1015 591 in
1053 551 1236 591 matrem
1269 548 1423 607 officiis
1455 547 1673 603 defuisset,
1699 549 1726 591 2

106 609 218 651 nihil
248 611 415 651 mutata
446 608 706 651 amoenitate
737 608 867 660 vitae,
905 607 1247 664 magnitudinem
1284 607 1561 664 negotiorum
1598 622 1675 663 per

106 669 275 711 litteras
306 667 546 723 excusavit,
582 667 853 723 honoresque
891 668 1123 710 memoriae
1156 667 1247 710 eius
1279 668 1334 710 ab
1368 669 1519 710 senatu
1550 667 1672 723 large

106 727 300 770 decretos
350 727 474 783 quasi
521 741 598 783 per
645 726 902 770 modestiam
950 727 1191 782 imminuit,
1240 726 1389 783 paucis
1441 727 1672 770 admodum

107 787 292 843 receptis
325 789 369 829 et
400 786 546 829 addito
577 801 631 828 ne
663 786 858 829 caelestis
890 787 1044 844 religio
1076 787 1392 842 decerneretur3
1432 787 1493 829 sic
1531 787 1673 842 ipsam
1699 797 1720 828 5

105 846 324 888 maluisse.
386 846 490 902 quin
523 848 566 888 et
596 849 718 902 parte
750 846 942 889 eiusdem
974 846 1182 902 epistulae
1213 845 1427 901 increpuit
1458 845 1673 888 amicitias

108 905 362 962 muliebres,
403 905 572 948 Fufium
614 906 837 949 consulem
878 905 1052 961 oblique
1078 905 1400 962 perstringens.
1459 905 1498 947 is
1530 905 1674 961 gratia

108 964 335 1021 Augustae
365 965 581 1021 floruerat,
613 967 739 1020 aptus
771 965 1023 1008 adliciendis
1054 964 1315 1008 feminarum
1348 964 1519 1020 animis,
1549 964 1674 1007 dicax

107 1024 222 1067 idem
266 1027 309 1066 et
352 1025 572 1067 Tiberium
616 1025 781 1067 acerbis
825 1024 994 1067 facetiis
1038 1024 1221 1067 inridere
1266 1024 1441 1080 solitus,
1491 1038 1673 1080 quarum

110 1083 224 1139 apud
255 1086 555 1140 praepotentes
587 1084 633 1126 in
663 1085 843 1140 longum
873 1083 1083 1126 memoria
1114 1085 1192 1127 est.
1699 1093 1744 1126 10

231 1141 431 1185 Ceterum
470 1158 521 1185 ex
553 1157 602 1186 eo
634 1146 867 1199 praerupta
895 1143 983 1185 iam
1014 1146 1057 1185 et
1088 1157 1246 1200 urgens
1279 1142 1534 1198 dominati03
1571 1157 1673 1185 nam
1697 1142 1725 1185 3

106 1202 311 1244 incolumi
341 1201 542 1258 Augusta
573 1206 666 1245 erat
698 1203 835 1245 adhuc
872 1202 1138 1258 perfugium,
1176 1203 1277 1258 quia
1308 1202 1481 1245 Tiberio
1513 1202 1672 1244 invete-

108 1264 251 1304 ratum
283 1276 386 1318 erga
417 1264 600 1304 matrem
634 1262 900 1318 obsequium,
930 1277 1069 1317 neque
1096 1261 1276 1304 Seianus
1308 1261 1493 1304 audebat
1525 1263 1671 1305 aucto-

106 1320 229 1363 ritati
265 1321 457 1376 parentis
490 1321 671 1364 anteire:
708 1324 810 1364 tunc
841 1322 959 1365 velut
990 1321 1122 1364 frenis
1154 1321 1340 1364 exsoluti
1371 1322 1672 1377 proruperunt,

107 1380 348 1436 missaeque
385 1381 430 1422 in
461 1380 749 1438 Agrippinam
786 1395 836 1424 ac
872 1379 1092 1423 Neronem
1128 1381 1319 1436 litterae,
1360 1395 1466 1436 quas
1503 1379 1672 1436 pridem
1698 1391 1719 1423 5

108 1439 275 1482 adlatas
314 1442 357 1482 et
393 1439 607 1483 cohibitas
646 1441 699 1483 ab
737 1440 938 1496 Augusta
975 1440 1156 1483 credidit
1193 1441 1366 1496 vulgus3
1404 1439 1520 1482 haud
1558 1440 1673 1482 enim

107 1499 294 1542 multum
324 1503 424 1554 post
453 1502 638 1542 mortem
670 1500 761 1542 eius
792 1501 998 1542 recitatae
1030 1502 1142 1542 sunt.
1191 1501 1322 1542 verba
1346 1500 1519 1542 inerant
1544 1514 1673 1554 quae-

108 1558 194 1600 sita
232 1558 483 1614 asperitate3
525 1559 598 1601 sed
634 1574 721 1602 non
759 1574 898 1611 arma,
935 1574 1023 1602 non
1054 1574 1197 1602 rerum
1228 1574 1437 1601 novarum
1470 1559 1672 1614 studium,

108 1632 278 1660 amores
309 1618 510 1660 iuvenum
541 1620 585 1660 et
614 1618 914 1674 inpudicitiam
944 1619 1092 1674 nepoti
1125 1619 1383 1662 obiectabat.
1441 1620 1486 1660 in
1516 1632 1672 1660 nurum

105 1691 161 1719 ne
202 1677 247 1719 id
287 1677 459 1733 quidem
500 1678 743 1734 confingere
783 1693 931 1734 ausus,
975 1678 1277 1735 adrogantiam
1317 1679 1404 1721 oris
1443 1680 1486 1720 et
1522 1680 1670 1720 contu·
1699 1688 1743 1721 10

107 1750 274 1778 macem
306 1737 496 1779 animum
533 1737 762 1792 incusavit,
799 1751 958 1794 magno
998 1740 1174 1781 senatus
1211 1752 1370 1793 pavore
1403 1751 1452 1780 ac
1484 1737 1670 1792 silentio,

108 1795 244 1838 donec
287 1797 432 1851 pauci,
477 1797 571 1852 quis
614 1797 735 1839 nulla
778 1812 829 1839 ex
871 1798 1056 1840 honesto
1101 1811 1198 1852 spes
1241 1797 1304 1853 (et
1343 1796 1519 1852 publica
1558 1797 1671 1838 male

109 1854 291 1910 singulis
322 1856 369 1896 in
400 1856 669 1898 occasionem
699 1857 868 1912 gratiae
898 1856 1148 1913 trahuntur)
1180 1861 1228 1898 ut
1258 1856 1491 1899 referretur
1526 1859 1672 1910 postu-

159 1973 215 2006 13.
253 1971 421 2016 impotens
458 1981 553 2015 „von
590 1970 854 2007 leidenschaft-

116 2016 236 2053 licher
266 2017 380 2053 Liebe
411 2030 456 2053 zu
487 2018 607 2053 ihrem
640 2017 762 2054 Sohne
794 2018 854 2054 Ti-

114 2064 274 2107 berius“,
301 2065 348 2100 da
368 2065 421 2100 sie
441 2065 640 2111 angeblich
658 2065 748 2101 kein
766 2066 855 2102 Ver-

109 2112 274 2148 brechen
290 2114 454 2157 scheute‚
473 2125 537 2148 um
549 2113 629 2148 ihm
642 2113 715 2148 den
727 2113 855 2149 Thron

110 2171 155 2194 zu
181 2159 422 2196 verschaffen.
449 2181 493 2186 —
518 2161 653 2205 facilis,
680 2161 778 2196 denn
800 2159 854 2197 sie

112 2218 189 2243 war
226 2207 318 2254 klug
352 2219 497 2254 genug,
533 2207 594 2244 die
627 2208 855 2244 Schwachen

110 2254 175 2290 des
196 2254 388 2300 Augustus
414 2267 459 2290 zu
483 2255 623 2292 dulden
641 2255 718 2291 und
738 2255 855 2291 selbst

107 2312 182 2338 von
208 2302 329 2338 seiner
347 2303 512 2338 Untreue
539 2303 650 2340 keine
676 2303 786 2339 Notiz
810 2314 855 2339 zu

108 2350 280 2386 nehmen.

159 2400 214 2433 14.
258 2401 509 2433 testamentum
534 2401 594 2434 οτι.
637 2397 724 2434 Erst
755 2397 853 2434 Cali-

109 2445 202 2490 gula
225 2445 348 2480 zahlte
372 2445 454 2480 ihre
478 2444 618 2491 Legate
645 2456 722 2481 aus.

157 2490 196 2528 2.
236 2495 268 2528 3.
307 2503 479 2528 excusare
510 2491 589 2537 „als
614 2492 854 2528 Entschuldi-

111 2549 215 2585 gung
235 2539 452 2582 anffihren“,
473 2540 542 2575 wie
562 2544 595 2584 3,
618 2544 673 2576 11.
706 2540 853 2576 Ebenso

112 2585 173 2621 bei
198 2585 337 2630 Cicero,
365 2586 479 2622 Casar
502 2586 579 2622 und
604 2587 740 2623 Livius.

160 2636 193 2668 5.
220 2634 357 2679 addito,
383 2645 410 2670 ε.
432 2638 534 2678 zu-3‚
555 2638 588 2669 2.

161 2685 193 2716 8.
219 2685 329 2726 aptus
347 2681 423 2716 mit
447 2682 531 2716 dem
556 2681 668 2717 Dativ
694 2682 759 2717 des
786 2681 855 2718 Ge-

113 2728 339 2773 rundivums,
367 2729 434 2764 wie
459 2733 493 2773 2,
514 2733 545 2764 6.
573 2733 607 2773 3,
627 2732 684 2765 31.

164 2778 218 2810 10.
255 2777 297 2811 in
328 2777 485 2822 lonyum.
523 2775 609 2822 Vgl.
637 2780 669 2821 1,
695 2779 740 2812 69
771 2777 857 2813 odia

114 2821 157 2856 in
180 2823 327 2869 longum
351 2824 500 2859 iaciens.
527 2828 560 2869 3,
577 2827 621 2859 27
642 2824 755 2859 otium
779 2825 857 2861 eius

114 2869 169 2904 rei
191 2870 291 2906 haud
314 2871 356 2906 in
381 2871 527 2917 longum
548 2871 710 2916 paravit.

974 1972 1013 2008 3.
1052 1976 1083 2008 1.
1118 1975 1335 2018 praerupta.
1367 1971 1453 2017 Vgl.
1482 1975 1538 2016 16,
1565 1975 1585 2006 7
1611 1972 1671 2006 iu-

926 2031 1047 2056 venem
1072 2021 1195 2055 animo
1214 2022 1469 2066 praeruptum.
1504 2017 1578 2054 Cic.
1604 2029 1671 2064 pro

927 2067 1035 2103 Rosc.
1055 2066 1136 2103 Am.
1158 2070 1205 2103 24
1222 2070 1430 2113 praerupta
1456 2066 1627 2102 audacia.

973 2124 1007 2156 4.
1033 2121 1172 2156 anteire
1195 2122 1265 2156 mit
1290 2119 1375 2156 dem
1399 2119 1514 2155 Dativ
1538 2119 1670 2155 heisst:

926 2179 994 2204 vor
1023 2167 1179 2214 jemand
1213 2168 1404 2214 hergehen
1438 2168 1472 2203 d.
1499 2167 1536 2203 h.
1571 2167 1670 2203 hier:

925 2215 1135 2261 machtiger
1161 2215 1251 2251 sein.

974 2272 1007 2304 ὅ,
1050 2269 1265 2315 missaeque,
1302 2267 1468 2304 n‘amlich
1508 2279 1557 2304 an
1598 2268 1671 2303 den

928 2316 1051 2352 Senat.
1096 2315 1184 2352 Dies
1204 2316 1382 2362 Reskript
1400 2327 1478 2351 war
1497 2316 1578 2351 also
1596 2327 1672 2352 von

927 2364 992 2399 der
1016 2363 1124 2400 Livia
1149 2364 1409 2410 aufgefangen.

976 2426 1007 2459 7.
1033 2424 1186 2459 multum
1204 2423 1298 2459 statt
1314 2423 1438 2466 multo,
1457 2423 1552 2458 auch
1574 2425 1630 2466 12,
1648 2426 1671 2457 4

925 2470 1026 2506 haud
1049 2471 1203 2506 multum
1227 2473 1328 2514 ante,
1359 2470 1411 2505 ist
1436 2469 1497 2504 ein
1522 2469 1669 2505 Gr'acis-

926 2528 1026 2561 mus3
1052 2518 1126 2563 vgl.
1146 2515 1241 2553 πολὺ
1267 2518 1414 2563 μείζων.

975 2579 1008 2611 9.
1052 2586 1189 2612 amores
1226 2580 1305 2620 ott„
1349 2576 1410 2611 ein
1452 2575 1672 2620 Asyndeton

927 2623 1221 2667 adversativum,
1259 2623 1330 2659 wie
1362 2627 1402 2668 4,
1436 2626 1481 2659 35
1518 2634 1671 2669 quorum

926 2681 1003 2706 ‘non
1026 2671 1130 2706 modo
1154 2671 1315 2715 libertas,
1341 2671 1450 2707 etiam
1469 2671 1582 2707 libido
1600 2672 1671 2707 im-

922 2718 1071 2763 pwnita.
1110 2717 1233 2754 Germ.
1255 2721 1309 2752 10.

983 2779 1038 2812 13.
1075 2777 1292 2819 trahuntur,
1328 2776 1399 2813 wie
1437 2781 1475 2822 3,
1508 2781 1552 2813 53
1589 2788 1673 2814 cum

927 2828 1020 2907 ζεοῗ
1037 2824 1218 2906 ΐσὲοίοναηι
1241 2824 1314 2860 sibi
1337 2825 1488 2871 quisque
1510 2827 1671 2872 qratiam

944 2882 987 2907 ra
1015 2883 1064 2907 an
1082 2896 1090 2907 .
