1812 3112
138 409 195 452 46

140 1469 196 1512 47

211 125 269 167 60
646 123 877 160 CORNELII
902 123 1069 160 ΤΑΟΙΤΙ
1092 122 1354 160 ANNALIUM

211 234 362 288 pactus
393 231 584 275 indutias
623 232 832 288 abscedit,
868 234 936 287 ut,
972 231 1058 274 nisi
1088 230 1427 274 Pharasmanem
1464 232 1580 274 bello
1618 233 1781 276 abster-

209 291 385 346 ruisset‚
421 291 689 334 Ummidium
721 290 989 340 Quadratum
1025 290 1267 346 praesidem
1299 289 1447 333 Suriae
1486 290 1658 334 doceret
1692 305 1780 348 quo

209 351 255 393 in
286 352 405 393 statu
436 349 646 392 Armenia
675 349 802 394 foret.

328 408 538 464 Digressu
559 409 821 451 centurionis
842 409 960 451 velut
979 409 1156 452 custode
1177 408 1397 451 exsolutus
1422 408 1664 463 praefectus
1683 408 1783 452 hor-

209 469 294 511 tari
321 467 606 511 Mithridaten
638 467 690 510 ad
721 467 995 510 sanciendum
1026 467 1188 523 foedus,
1220 467 1564 510 coniunctionem
1594 468 1781 511 fratrum

210 541 260 570 ac
296 527 482 582 priorem
515 528 656 569 aetate
686 526 1011 568 Pharasmanen
1049 528 1092 568 et
1131 528 1272 568 cetera
1308 527 1674 569 necessitudinum
1704 540 1781 570 no-

210 586 329 628 mina
359 586 569 640 referens,
606 585 721 641 quod
757 585 893 627 filiam
925 585 1014 627 eius
1046 585 1092 627 in
1121 586 1400 628 matrimonio
1431 585 1629 641 haberet,
1667 585 1783 642 quod

164 654 185 687 5
212 645 304 700 ipse
330 644 584 686 Radamisto
612 658 732 686 socer
758 646 893 686 esset:
919 658 1007 686 non
1032 644 1220 687 abnuere
1244 659 1394 700 pacem
1419 644 1607 687 Hiberos
1635 659 1783 701 quam-

211 717 340 758 quam
364 703 409 744 in
433 704 628 757 tempore
653 702 901 758 validiores3
928 705 971 744 et
994 703 1098 745 satis
1118 703 1339 759 cognitam
1359 702 1666 747 Armeniorum
1683 717 1782 760 per-

209 762 370 816 fidiam,
394 776 474 804 1160
495 761 611 803 aliud
630 761 814 803 subsidii
839 776 968 817 quam
989 762 1211 804 castellum
1232 765 1474 806 commeatu
1499 776 1699 819 egenum:
1725 776 1782 804 116

211 821 343 863 dubia
355 822 526 862 tentare
544 820 675 862 armis
687 835 816 877 quam
830 821 1076 863 incruentas
1091 821 1362 864 condiciones
1373 822 1531 865 mallet.
1552 823 1783 865 cunctante

213 879 267 922 ad
299 894 349 922 ea
379 879 634 922 Mithridate
673 882 717 922 et
754 880 966 935 suspectis
1002 879 1212 934 praefecti
1249 880 1461 936 consiliis,
1497 881 1611 936 quod
1647 880 1783 936 paeli-

142 949 186 981 10
213 953 304 981 cem
334 939 501 995 regiam
532 939 749 994 polluerat
779 939 910 995 inque
937 953 1109 981 omnem
1141 938 1365 981 libidinem
1396 939 1561 982 venalis
1592 939 1784 982 habeba-

210 1000 294 1053 tur,
327 996 557 1053 Casperius
589 998 765 1040 interim
798 998 852 1040 ad
882 997 1203 1040 Pharasmanen
1233 997 1440 1053 pervadit,
1469 1000 1603 1054 utque
1630 998 1784 1040 Hiberi

215 1056 381 1100 obsidio
414 1057 625 1099 decedant
655 1058 914 1113 expostulat.
969 1057 1045 1099 ille
1081 1057 1309 1113 propalam
1339 1058 1504 1099 incerta
1535 1059 1580 1099 et
1611 1057 1783 1112 saepius

211 1116 412 1159 molliora
450 1116 731 1172 respondens,
771 1116 947 1159 secretis
984 1117 1150 1159 nuntiis
1187 1119 1335 1159 monet
1371 1115 1671 1159 Radamistum
1709 1116 1783 1158 ob-

210 1176 524 1231 pugnationem
562 1189 734 1231 quoquo
772 1176 900 1219 modo
939 1176 1139 1219 celerare.
1196 1177 1380 1231 augetur
1414 1174 1572 1232 fiagitii
1607 1188 1783 1230 merces,

142 1243 185 1276 15
212 1236 255 1277 et
285 1234 425 1277 Pollio
458 1235 629 1277 occulta
659 1235 933 1290 corruptione
969 1235 1140 1290 inpellit
1176 1235 1355 1290 milites,
1391 1236 1441 1277 ut
1476 1247 1625 1290 pacem
1662 1234 1784 1290 flagi-

210 1295 356 1335 tarent
397 1307 527 1349 seque
563 1294 827 1349 praesidium
865 1294 1101 1337 omissuros
1141 1293 1456 1336 minitarentur.
1517 1307 1602 1349 qua
1636 1306 1785 1336 neces-

213 1352 342 1395 sitate
378 1352 652 1396 Mithridates
696 1353 809 1396 diem
846 1354 1074 1409 locumque
1110 1353 1273 1396 foederi
1315 1353 1480 1408 accepit
1518 1351 1784 1408 castelloque

211 1411 440 1467 egreditur.

331 1469 396 1513 Ac
431 1471 572 1526 primo
604 1470 882 1514 Radamistus
920 1472 967 1514 in
1005 1472 1228 1526 amplexus
1266 1472 1356 1513 eius
1389 1471 1547 1513 effusus
1580 1470 1783 1513 simulare

214 1529 480 1585 obsequium,
507 1544 701 1572 socerum
727 1545 776 1573 ac
800 1532 1024 1585 parentem
1050 1531 1287 1586 appellare3
1312 1530 1443 1572 adicit
1466 1528 1783 1572 iusiurandum

212 1602 303 1629 non
337 1588 471 1642 ferro,
507 1602 597 1631 non
627 1603 790 1631 veneno
822 1589 910 1631 vim
941 1589 1199 1631 adlaturum.
1255 1589 1382 1631 simul
1417 1589 1465 1631 in
1500 1589 1645 1630 lucum
1684 1602 1783 1643 pro-

211 1646 423 1701 pinquum
456 1647 610 1702 trahit,
640 1648 864 1702 provisum
894 1647 984 1689 illic
1016 1647 1213 1690 sacrificii
1242 1649 1444 1702 paratum
1474 1646 1696 1701 dictitans,
1733 1649 1784 1689 ut

165 1713 186 1745 5
213 1704 279 1746 dis
311 1705 496 1747 testibus
527 1720 613 1760 pax
643 1706 897 1749 firmaretur.
952 1721 1047 1748 mos
1080 1708 1146 1748 est
1175 1706 1369 1761 regibus,
1408 1705 1607 1761 quotiens
1638 1705 1686 1748 in
1717 1719 1783 1748 so-

213 1763 413 1806 cietatem
447 1766 614 1819 coeant,
645 1765 867 1820 implicare
899 1765 1070 1807 dextras
1102 1765 1368 1820 pollicesque
1398 1765 1512 1807 inter
1543 1778 1587 1806 se
1619 1763 1782 1808 vincire

211 1822 412 1878 nodoque
443 1823 780 1879 praestringere:
821 1838 921 1867 mox
951 1824 1027 1866 ubi
1059 1823 1237 1879 sanguis
1269 1823 1315 1866 in
1347 1825 1466 1866 artus
1496 1836 1538 1866 se
1568 1824 1783 1866 extremos

262 1989 316 2020 17.
350 1985 547 2021 absterrere
576 1985 648 2021 mit
685 1985 845 2021 blossem
875 1985 960 2022 Abl.

211 2031 275 2066 bei
319 2031 499 2068 Dichtern
547 2033 623 2068 und
673 2032 726 2068 im
775 2033 962 2069 silbernen

214 2077 360 2116 Latein.

261 2129 315 2161 18.
345 2125 572 2171 Quadratus,
608 2130 653 2162 14
683 2139 718 2162 11.
745 2126 831 2162 Chr.
864 2126 960 2170 Qu'a-

213 2173 301 2216 stor,
321 2176 366 2208 37
386 2173 507 2218 Legat
524 2185 600 2209 von
612 2173 842 2218 Lusitanien,
862 2174 961 2210 dann

212 2200 366 2302 Kon}ul‚
393 2220 495 2255 starb
521 2220 577 2256 als
595 2220 715 2266 Legat
735 2232 809 2257 von
830 2202 961 2267 Syrien

211 2277 264 2300 1111
351 2269 406 2302 60.

260 2359 325 2395 46.
376 2364 407 2395 2.
459 2361 748 2397 coniunctionem
799 2362 961 2404 fratrum

213 2406 303 2458 „das
335 2407 753 2444 verwandtschaftliche
784 2407 959 2444 Verh'alt-

211 2451 270 2488 nis
296 2454 405 2489 unter
429 2453 631 2491 Briide1·n“.

261 2504 293 2536 3.
319 2502 472 2536 nomina
497 2483 871 2548 „Bezeichnungen“,
908 2502 961 2537 im

213 2546 414 2592 folgenden
439 2548 587 2584 einzeln
607 2549 787 2585 erw‘ahnt.

262 2598 295 2629 6.
327 2595 369 2630 in
399 2598 595 2641 tempore,
599 2596 669 2640 ‚fiir
696 2596 825 2642 jetzt“‚
859 2597 962 2632 sonst

213 2652 301 2685 „zur
323 2642 478 2677 rechten
503 2642 606 2678 Zeit“
640 2643 767 2688 oder,
770 2643 842 2688 ,bei
866 2647 960 2689 gun-

213 2686 329 2732 stiger
354 2688 472 2734 Geleg
475 2689 634 2725 enheit‘fl

262 2739 292 2769 7.
320 2746 450 2780 eye‘nus
447 2701 546 2771 gmit
574 2735 659 2772 dem
684 2736 838 2772 Ablativ
863 2737 960 2772 auch

215 2784 327 2824 15,12
348 2783 613 2819 commeatibus
641 2783 752 2819 Sonst
764 2783 960 2819 verbindet

213 2837 251 2861 es
278 2827 429 2863 Tacitus
454 2829 526 2866 mit
549 2830 633 2866 dem
660 2829 829 2866 Genetiv.

262 2877 316 2908 10.
344 2875 531 2911 libidinem
558 2877 780 2922 „Willk1’ir“.

1084 1990 1139 2021 12.
1165 1986 1371 2031 expostulat
1395 1987 1490 2021 statt
1507 1986 1686 2031 postulat,
1709 1985 1782 2021 wie

1035 2037 1163 2116 {330qu
1190 2037 1245 2077 13,
1274 2037 1328 2070 14.
1372 2037 1426 2078 15,
1452 2037 1508 2069 53.
1568 2033 1674 2069 Auoh
1719 2032 1782 2068 bei

1081 2196 1146 2233 47.
1182 2201 1212 2232 1.
1243 2197 1286 2231 in
1317 2197 1505 2242 ampleaeus
1535 2197 1613 2232 eius
1643 2197 1783 2241 efflasus

1033 2243 1084 2279 ist
1107 2255 1180 2279 neu
1205 2243 1373 2289 gebildet
1390 2244 1486 2279 nach
1508 2247 1539 2288 1,
1562 2247 1604 2279 11
1629 2245 1782 2290 inque-

1032 2294 1110 2326 stus
1147 2291 1319 2339 lacrimas
1348 2295 1433 2326 vota
1464 2291 1616 2335 effwndi.
1659 2293 1707 2326 54
1737 2291 1782 2327 in

1033 2348 1199 2374 amorem.
1236 2336 1438 2373 Ahnliches
1458 2338 1574 2374 sehon
1591 2337 1653 2373 bei
1670 2337 1778 2373 Klas-

1034 2385 1168 2420 sikern.
1230 2385 1375 2420 Anders
1417 2384 1554 2421 Petron
1592 2387 1659 2420 139
1702 2395 1779 2420 am-

1026 2432 1211 2477 plexuque
1234 2432 1450 2477 effusissimo
1473 2442 1528 2468 me
1551 2431 1700 2467 invasit.

1082 2494 1114 2526 5.
1140 2491 1304 2535 quotiens
1334 2490 1404 2526 mit
1434 2491 1519 2527 dem
1542 2489 1780 2536 Konjunktiv

1034 2537 1100 2572 der
1124 2537 1440 2583 Wiederholung,
1465 2537 1534 2572 wie
1558 2540 1592 2580 2,
1618 2541 1651 2572 2.
1679 2541 1712 2581 6,
1734 2541 1781 2573 10

1032 2585 1107 2619 und
1145 2583 1250 2621 efter.
1303 2585 1350 2620 So
1384 2585 1437 2619 im
1467 2583 1669 2629 folgenden
1699 2584 1779 2628 ubi,

1032 2631 1121 2676 Agr.
1147 2635 1180 2666 9
1205 2631 1292 2667 hist
1320 2636 1352 2675 1,
1377 2635 1434 2667 49.
1460 2634 1493 2674 2,
1518 2634 1576 2666 40.

1081 2694 1113 2725 7.
1152 2689 1253 2725 Statt
1290 2689 1356 2725 der
1393 2688 1648 2734 regelrechten
1678 2689 1778 2725 Kon-

1032 2736 1221 2772 struktion
1251 2739 1355 2772 artus
1385 2739 1558 2772 extremos
1580 2736 1779 2780 suffuderit

1031 2784 1116 2829 fugi:
1147 2784 1207 2819 die
1231 2782 1435 2818 Handschr.
1461 2783 1558 2818 noch
1583 2784 1626 2818 in
1652 2783 1776 2820 hinnu.

1030 2831 1153 2866 Wenn
1173 2830 1252 2865 dies
1271 2830 1358 2865 echt
1378 2829 1439 2872 ist,
1466 2840 1507 2865 so
1526 2829 1622 2865 murs
1640 2840 1677 2866 se
1694 2840 1776 2866 ver-

1032 2876 1238 2913 sehentlich
1265 2876 1503 2922 ausgelassen
1528 2876 1617 2912 sein.
