1794 3126
183 115 267 158 196
614 117 845 154 CORNELII
870 117 1034 155 TACITI
1058 118 1322 156 ANNALIUM

180 226 356 279 ruperat
397 225 704 281 videbaturque
742 225 858 269 Nero
897 227 1142 270 condendae
1179 227 1298 270 urbis
1335 243 1473 271 novae
1515 231 1558 272 et
1594 244 1753 288 cogno-

180 285 328 326 mento
367 298 444 327 suo
483 284 764 340 appellandae
797 286 983 341 gloriam
1016 300 1230 341 quaerere.
1292 287 1449 342 quippe
1479 288 1525 330 in
1555 289 1753 345 regiones

113 351 155 383 10
181 343 523 397 quattuordecim
553 343 695 386 Roma
726 344 952 400 dividitur,
991 359 1186 401 quarum.
1205 347 1410 400 quattuor
1439 346 1633 402 integrae
1665 363 1754 392 ma-

178 401 359 457 nebant,
396 404 484 445 tres
523 403 614 445 solo
646 405 771 444 tenus
804 403 1012 459 deiectae3
1050 406 1216 459 septem
1248 404 1425 460 reliquis
1455 420 1593 461 pauca
1622 409 1781 451 tecto-⁴

178 475 274 502 rum
307 461 492 517 vestigia
523 463 797 516 supererant,
827 462 970 504 lacera
1001 464 1044 504 et
1076 464 1276 505 semusta.

102 518 161 560 41
296 518 515 562 Domuum
552 522 595 562 et
631 520 871 562 insularum
908 522 951 563 et
989 521 1268 576 templorum,
1306 537 1414 578 quae
1452 522 1611 566 amissa
1642 526 1755 580 sunt,

177 592 403 620 numerum
446 578 553 620 inire
596 578 713 620 haud
754 581 1007 634 promptum
1043 580 1194 622 fuerit:
1240 581 1315 623 sed
1354 581 1651 624 vetustissima
1689 597 1755 626 re-

178 636 358 691 ligione,
395 637 509 691 quod
542 635 715 680 Servius
749 637 914 680 Tullius
947 637 1110 694 Lunae,
1142 642 1185 681 et
1216 654 1378 696 magna
1410 655 1486 682 ara
1516 641 1752 698 fanumque

179 709 287 749 quae
330 695 551 749 praesenti
593 695 770 738 Herculi
813 695 947 739 Arcas
990 697 1192 740 Evander
1235 701 1495 755 sacraverat,
1543 699 1754 756 aedesque

130 765 150 795 5
178 752 362 796 Statoris
411 754 528 797 Iovis
581 757 684 797 vota
732 754 918 798 Romulo
967 754 1219 812 Numaeque
1268 758 1387 813 regia
1438 760 1481 800 et
1525 758 1752 802 delubrum

177 810 338 854 Vestae
376 828 473 856 cum
509 813 743 856 Penatibus
779 815 929 869 populi
968 814 1157 857 Romani
1194 818 1363 871 exusta3
1405 816 1491 859 iam
1540 831 1644 873 opes
1687 820 1769 872 tot?

176 870 368 914 victoriis
413 873 628 928 quaesitae
670 875 714 915 et
751 872 1014 916 Graecorum
1053 874 1211 915 artium
1251 874 1422 930 decora,
1470 876 1569 919 exin
1606 891 1756 920 monu-

176 933 323 973 menta
353 931 625 987 ingeniorum
658 932 838 988 antiqua
870 935 913 974 et
944 933 1212 987 incorrupta,
1250 936 1298 975 ut
1327 934 1523 989 quamvis
1554 935 1600 977 in
1629 937 1753 978 tanta

175 991 439 1045 resurgentis
458 991 576 1033 urbis
595 991 925 1046 pulchritudine,
951 992 1088 1033 multa
1115 991 1304 1034 seniores
1330 992 1618 1048 meminerint,
1643 1009 1752 1049 quae

107 1060 149 1091 10
175 1049 368 1103 reparari
404 1050 653 1105 nequibant.
716 1050 835 1092 fuere
874 1050 947 1106 qui
984 1051 1241 1092 adnotarent
1276 1049 1405 1093 XIIII
1439 1050 1535 1094 Kal.
1568 1050 1751 1097 Sextiles

174 1107 436 1163 principium
460 1109 648 1151 incendii
673 1109 801 1151 huius
828 1112 983 1165 ortum,
1011 1124 1094 1165 quo
1121 1111 1164 1151 et
1184 1107 1375 1152 Senones
1402 1112 1574 1166 captam
1599 1111 1751 1154 urbem

175 1166 547 1210 inflammaverint.
605 1168 678 1210 alii
710 1183 760 1211 eo
793 1183 929 1224 usque
961 1183 1063 1211 cura
1093 1169 1312 1224 progressi
1346 1170 1458 1224 sunt,
1490 1171 1539 1211 ut
1568 1170 1751 1213 totidem

176 1240 310 1268 annos
343 1241 595 1282 mensesque
629 1229 671 1269 et
703 1227 792 1270 dies
824 1227 940 1269 inter
970 1229 1151 1283 utraque
1183 1227 1385 1270 incendia
1415 1230 1656 1271 numerent.

102 1286 161 1327 42
295 1284 498 1328 Ceterum
523 1285 638 1328 Nero
667 1301 771 1328 usus
803 1288 871 1328 est
899 1286 1065 1341 patriae
1097 1286 1233 1328 ruinis
1266 1286 1539 1342 extruxitque
1565 1287 1750 1343 domum,

174 1344 219 1385 in
251 1358 335 1399 qua
365 1345 481 1387 haud
513 1344 688 1400 perinde
721 1359 917 1401 gemmae
949 1348 992 1387 et
1019 1359 1172 1387 aurum
1199 1345 1405 1388 miraculo
1433 1348 1589 1400 essent,
1622 1346 1752 1389 solita

172 1403 340 1457 pridem
378 1406 422 1446 et
457 1405 561 1446 luxu
598 1404 795 1459 vulgata,
833 1419 962 1459 quam
1001 1418 1104 1446 arva
1142 1405 1185 1446 et
1223 1406 1380 1459 stagna
1418 1406 1461 1446 et
1498 1404 1544 1446 in
1575 1405 1750 1448 modum

175 1462 455 1505 solitudinum
486 1463 587 1506 hinc
620 1463 753 1505 silvae
785 1463 885 1505 inde
917 1465 1066 1517 aperta
1098 1462 1239 1518 spatia
1271 1465 1313 1504 et
1350 1465 1623 1518 prospectus,
1661 1478 1750 1506 ma-

127 1534 148 1566 5
174 1520 323 1576 gistris
362 1524 405 1563 et
442 1522 810 1564 machinatoribus
850 1520 1004 1564 Severo
1044 1523 1087 1563 et
1126 1519 1291 1576 Celere,
1332 1522 1487 1576 quibus
1525 1521 1748 1577 ingenium

175 1582 218 1621 et
255 1581 433 1623 audacia
470 1582 580 1636 erat,
624 1580 754 1622 etiam
794 1594 902 1635 quae
938 1582 1093 1622 natura
1131 1580 1448 1635 denegavisset,
1491 1594 1568 1634 per
1610 1583 1748 1623 artem

172 1641 385 1694 temptare
415 1642 458 1681 et
483 1640 646 1683 viribus
672 1639 878 1694 principis
904 1639 1107 1681 inludere.
1156 1653 1341 1693 namque
1368 1639 1422 1680 ab
1451 1639 1549 1680 lacu
1573 1638 1746 1682 Averno

174 1767 304 1802 stiicke
332 1768 457 1812 lagen,
484 1767 612 1803 bilden
638 1767 747 1803 einen
771 1767 923 1802 kleinen

174 1813 350 1849 Stadtteil
368 1814 552 1850 zwischen
573 1815 657 1849 dem
671 1814 826 1858 Kapitol
846 1814 923 1848 und

176 1861 260 1896 dem
283 1860 495 1903 Quirinalis.
525 1882 568 1887 —-
589 1872 829 1906 prorumpere
854 1861 924 1896 mit

174 1908 258 1943 dem
290 1908 445 1944 Ablativ
477 1920 505 1945 s.
537 1921 582 1943 zu
610 1912 671 1953 13,
698 1912 745 1943 44
777 1908 922 1944 cubicu-

174 1956 277 2000 loque
307 1957 526 2001 prorumpit.

221 2006 253 2038 9.
274 1993 373 2038 Uber
415 2003 474 2039 die
515 2007 559 2038 14
590 2003 784 2048 Regionen
816 2013 843 2037 s.
877 2014 922 2036 zu

220 2131 284 2168 41.
328 2137 359 2167 1.
391 2133 535 2168 insulae
565 2132 648 2174 sind
673 2131 796 2178 grosse
822 2131 922 2166 Hau—

173 2179 448 2224 serkomplexe,
493 2180 553 2215 die
573 2216 578 2219 ,
596 2179 794 2214 vermietet
829 2190 923 2213 wur-

173 2226 256 2261 den.
306 2227 432 2261 Daher
462 2227 670 2262 insularius
703 2226 820 2272 einer,
859 2226 925 2261 der

173 2285 237 2308 zur
261 2273 376 2308 Miete
401 2274 540 2310 wohnt.

221 2324 253 2356 3.
287 2320 362 2355 Der
382 2320 538 2365 Tempel
559 2321 623 2355 der
642 2320 746 2355 Luna
773 2320 837 2364 lag
863 2330 924 2355 am

173 2367 382 2403 Aventinus
407 2368 504 2403 nach
525 2368 609 2403 dem
631 2366 757 2402 Circus
778 2379 835 2411 zu,
864 2367 923 2402 die

174 2415 617 2497 ffuiffffzussrffessdssssrffl
629 2425 804 2497 sm?
821 2414 925 2496 ἕέἕζί

173 2520 240 2544 vor
271 2509 356 2544 dem
389 2509 535 2554 Circus,
575 2509 640 2544 der
672 2508 827 2553 Tempel
859 2508 923 2543 des

172 2556 351 2591 Hercules
370 2555 501 2591 Victor
524 2556 622 2591 nahe
650 2555 759 2590 dabei
785 2566 833 2590 an
859 2555 925 2590 der

173 2603 297 2647 Tiber,
317 2603 378 2639 die
393 2603 511 2648 Regia
535 2602 717 2638 zwischen
730 2603 802 2637 den
815 2602 922 2637 Tem-

174 2650 263 2694 peln
301 2650 366 2686 des
398 2650 546 2695 Jupiter
582 2650 707 2685 Stator
745 2649 821 2684 und
859 2649 924 2684 der

174 2696 291 2732 Vesta
317 2708 364 2732 an
392 2698 456 2732 der
477 2696 737 2732 Siidwestseite
764 2695 828 2732 des
852 2695 922 2731 Fo-

175 2754 287 2779 rums.

223 2795 255 2825 6.
287 2790 362 2826 Das
387 2790 488 2826 Verb
519 2803 563 2826 zu
594 2801 677 2835 opes
708 2791 801 2836 liegt
826 2790 923 2825 noch

174 2837 214 2871 in
239 2841 376 2873 exusta.

224 2887 277 2919 10.
311 2885 385 2920 Das
411 2885 549 2921 Datum
576 2884 681 2920 XIIII
705 2883 786 2920 Kal.
809 2884 920 2928 Sext„

994 1766 1045 1801 ist
1080 1765 1237 1811 richtig,
1282 1776 1390 1800 wenn
1428 1776 1515 1801 man
1552 1765 1746 1813 annimmt,

996 1813 1077 1848 dass
1116 1813 1175 1848 die
1214 1812 1355 1848 Gallier
1393 1813 1508 1848 sehon
1545 1824 1607 1848 am
1642 1813 1745 1868 Tage

995 1860 1091 1895 nach
1130 1859 1195 1895 der
1230 1859 1410 1895 Schlacht
1446 1870 1493 1894 an
1531 1860 1596 1895 der
1629 1860 1741 1906 Auia,

996 1907 1055 1942 die
1076 1906 1149 1942 den
1170 1909 1225 1941 18.
1246 1906 1325 1942 Juli
1344 1907 1434 1942 oder
1452 1906 1520 1941 XV
1539 1906 1623 1943 Kal.
1643 1907 1742 1944 Sext.

996 1953 1195 1998 staffiand,
1227 1953 1322 1988 Rom
1355 1953 1395 1988 in
1419 1953 1546 1989 Brand
1571 1954 1744 2000 gesuokt

994 2001 1135 2044 haben,
1161 2012 1238 2036 was
1263 2000 1353 2036 aber
1377 1999 1483 2036 nicht
1506 2000 1690 2038 feststeht.

1046 2052 1101 2083 12.
1128 2048 1274 2083 totidem
1306 2047 1554 2093 „gleichvier‘
1586 2049 1622 2084 d.
1640 2048 1677 2084 h.
1707 2047 1746 2084 in

997 2098 1068 2130 454
1086 2095 1226 2130 Jahren
1253 2095 1406 2130 steeken
1429 2098 1498 2130 418
1519 2094 1642 2142 Jahre,
1667 2095 1746 2131 Μο-

996 2144 1083 2177 nate
1108 2142 1185 2177 und
1204 2142 1317 2186 Tage.
1363 2141 1432 2177 Die
1452 2141 1662 2188 Gleichung
1678 2142 1744 2179 ist:

996 2242 1019 2265 x
1040 2231 1083 2275 4-
1104 2213 1151 2295 i}
1171 2231 1216 2275 -1-
1234 2211 1306 2294 ἐξ
1338 2246 1382 2259 =
1416 2232 1503 2273 454,
1556 2230 1757 2267 Remun-

997 2318 1151 2366 418¹s50.
1211 2318 1373 2354 Alberne
1421 2317 1602 2363 Spielerei
1643 2317 1743 2355 eines

997 2365 1183 2411 mt'issigen
1207 2365 1364 2411 Kopfes!

1045 2458 1110 2495 42.
1145 2464 1176 2494 1.
1203 2460 1357 2495 domum.
1399 2459 1448 2494 Es
1468 2458 1520 2494 ist
1537 2458 1598 2494 die
1616 2458 1743 2496 domus

998 2518 1129 2551 aurea,
1179 2517 1340 2552 genauer
1383 2505 1627 2542 beschrieben
1670 2516 1742 2542 von

997 2553 1137 2589 Sueton
1164 2553 1276 2599 (Nero
1306 2555 1377 2598 31).
1425 2551 1491 2588 Als
1523 2552 1587 2588 der
1614 2551 1744 2589 Palast

995 2601 1107 2646 fertig
1132 2612 1220 2646 war,
1247 2600 1409 2636 erklarte
1433 2599 1550 2635 Nero:
1575 2610 1611 2635 se
1634 2601 1743 2645 quasi

995 2649 1174 2684 homiuem
1207 2648 1352 2684 tandem
1382 2647 1546 2682 habitare
1576 2648 1740 2692 coepisse.

1044 2700 1076 2730 2.
1115 2688 1216 2730 Uber
1252 2695 1353 2730 haud
1382 2694 1537 2739 perinde
1570 2705 1680 2739 quam
1711 2707 1739 2731 s.

995 2741 1090 2778 Einl.
1117 2745 1147 2784 §-
1170 2746 1226 2778 93.

1044 2794 1075 2824 7.
1114 2789 1280 2824 inludere
1315 2787 1417 2833 „sein
1449 2787 1551 2833 Spiel
1582 2788 1738 2833 treiben,

993 2835 1221 2872 Missbrauch
1241 2834 1419 2879 treiben“,
1445 2834 1515 2870 wie
1537 2834 1623 2871 hist.
1644 2839 1678 2880 2,
1693 2838 1739 2871 94

987 2884 1168 2928 pecuniae
1192 2882 1365 2918 inludere.
