1820 3100
134 903 191 946 63

131 1616 190 1659 64

203 85 292 128 242

647 82 873 121 CORNELII
898 82 1061 119 TACITI
1085 81 1341 119 ANNALIUM

121 205 180 239 10
205 194 345 237 omnis
387 195 524 249 aetas,
568 193 623 236 ob
666 192 1032 249 propinquitatem
1071 189 1155 234 loci
1201 190 1396 246 effusius3
1438 190 1549 233 unde
1589 192 1768 247 gravior

203 254 338 309 pestis
375 252 476 309 fuit,
513 252 708 295 conferta
738 253 871 303 mole,
902 251 1000 294 dein
1030 250 1251 305 convulsa,
1289 250 1391 292 dum
1420 250 1507 292 ruit
1536 249 1655 293 intus
1686 253 1763 294 aut

203 313 249 356 in
287 312 502 356 exteriora
542 311 771 354 effunditur
806 311 1131 365 inmensamque
1168 309 1256 351 vim
1294 308 1562 361 mortalium,
1600 311 1764 364 specta·

205 372 301 415 culo
332 372 524 414 intentos
556 373 631 413 aut
662 371 735 425 qui
766 370 926 412 circum
958 369 1202 423 adstabant,
1232 382 1437 425 praeceps
1468 367 1605 411 trahit
1635 371 1766 424 atque

205 431 355 486 operit.

429 433 472 473 et
513 430 579 472 illi
617 429 806 485 quidem,
850 442 955 483 quos
995 427 1254 484 principium
1295 427 1452 482 stragis
1491 427 1539 469 in
1582 429 1764 470 mortem

135 500 179 533 15
206 489 448 545 adflixerat,
487 492 537 532 ut
566 489 645 531 tali
677 490 810 544 sorte,
841 487 1076 530 cruciatum
1117 487 1322 541 effugere:
1360 485 1594 528 miserandi
1623 487 1763 543 magis

206 564 313 605 quos
345 549 530 604 abrupta
559 549 682 603 parte
714 547 903 602 corporis
941 546 1134 589 nondum
1165 546 1256 588 vita
1286 546 1552 600 deseruerat;
1585 545 1658 600 qui
1687 560 1767 601 per

205 609 318 651 diem
360 608 472 662 visu,
514 621 589 661 per
631 608 801 649 noctem
851 605 1088 647 ululatibus
1136 606 1179 646 et
1220 605 1386 659 gemitu
1436 604 1640 660 coniuges
1690 607 1767 648 aut

203 668 363 710 liberos
394 666 641 709 noscebant.
702 665 789 706 iam
815 664 945 706 ceteri
969 663 1084 706 fama
1114 663 1253 718 exciti,
1276 664 1347 706 hic
1370 664 1561 718 fratrem,
1591 663 1765 719 propin-

205 741 336 782 quum
366 725 451 780 ille,
483 724 592 767 alius
618 726 818 779 parentes
845 723 1086 766 lamenta-ri.
1137 723 1265 765 etiam
1297 737 1479 780 quorum
1511 722 1680 765 diversa
1711 722 1764 765 de

132 796 180 829 2ο
206 799 335 828 causa
373 784 501 826 amici
532 785 607 825 aut
636 782 1097 837 necessariiaberant,
1132 796 1289 837 pavere
1319 785 1484 838 tamen3
1519 781 1762 837 nequedum

207 844 428 899 comperto
461 857 568 898 quos
599 842 680 884 illa
710 842 774 884 vis
806 841 1071 897 perculisset,
1101 840 1230 883 latior
1262 855 1312 883 ex
1343 841 1508 883 incerto
1540 843 1692 883 metus.

323 901 384 945 Ut
415 916 591 957 coepere
624 901 831 944 dimoveri
862 900 1027 955 obruta,
1053 913 1282 942 concursus
1315 900 1369 942 ad
1400 900 1619 943 exanimos
1652 914 1765 942 com-

201 961 496 1018 plectentium,
523 960 829 1015 osculantium3
855 962 899 1002 et
918 973 1044 1014 saepe
1077 961 1305 1013 certamen,
1325 959 1363 1001 si
1383 958 1600 1002 confusior
1617 959 1768 1014 facies,

203 1021 277 1064 sed
308 1036 387 1076 par
412 1020 553 1063 forma
579 1022 654 1062 aut
685 1021 803 1061 aetas
830 1033 1016 1061 errorem
1043 1018 1403 1074 adgnoscentibus
1428 1017 1600 1061 fecerat.
1643 1018 1766 1073 quin-

203 1081 412 1137 quaginta
447 1079 671 1122 hominum
708 1079 829 1120 milia
867 1092 917 1121 eo
959 1092 1060 1120 casu
1097 1077 1324 1120 debilitata
1354 1077 1421 1120 vel
1453 1076 1616 1119 obtrita
1647 1079 1765 1132 sunt3

155 1150 177 1184 5
203 1143 458 1195 cautumque
483 1139 528 1181 in
555 1140 774 1194 posterum
807 1139 980 1180 senatus
1013 1137 1226 1191 consulto,
1249 1150 1304 1178 ne
1331 1136 1428 1191 quis
1460 1135 1766 1192 gladiatorium

201 1213 357 1242 munus
396 1198 560 1253 ederet,
597 1197 665 1240 cui
704 1197 846 1239 minor
883 1196 1297 1252 quadringentorum
1327 1195 1494 1237 milium
1531 1209 1622 1251 res,
1659 1209 1768 1238 neve

202 1258 570 1313 amphitheatrum
619 1257 914 1311 imponeretur
968 1255 1053 1298 nisi
1109 1256 1200 1298 solo
1252 1254 1472 1296 firmitatis
1530 1255 1762 1309 spectatae.

200 1317 361 1360 Atilius
398 1317 444 1359 in
484 1316 661 1359 exilium
701 1317 822 1358 actus
854 1316 931 1357 est.

1007 1316 1197 1357 ceterum
1235 1314 1314 1356 sub
1353 1315 1569 1356 recentem
1601 1312 1766 1355 cladem

201 1379 378 1432 patuere
408 1390 636 1431 procerum
668 1374 839 1429 domus,
876 1374 1068 1417 fomenta
1105 1376 1148 1416 et
1183 1372 1339 1416 medici
1368 1373 1532 1428 passim
1563 1371 1766 1427 praebiti.

132 1449 177 1482 10
201 1436 369 1492 fuitque
411 1436 514 1478 urbs
545 1449 622 1490 per
651 1434 750 1477 illos
782 1433 871 1476 dies
916 1447 1176 1488 quamquam
1212 1434 1379 1475 maesta
1420 1431 1530 1474 facie
1567 1433 1764 1482 veterum

200 1495 413 1537 institutis
455 1493 627 1548 similis,
669 1492 742 1547 qui
787 1505 947 1547 magna
982 1494 1083 1547 post
1121 1492 1286 1546 proelia
1323 1491 1492 1534 saucios
1534 1490 1767 1546 largitione

201 1556 245 1596 et
277 1568 377 1596 cura
409 1553 720 1595 sustentabant.

320 1612 524 1656 Nondum
562 1626 613 1653 ea
650 1610 792 1653 clades
825 1610 1076 1663 exoleverat,
1107 1623 1203 1651 cum
1232 1608 1346 1664 ignis
1372 1608 1581 1650 violentia
1611 1607 1763 1650 urbem

202 1673 317 1715 ultra
348 1671 526 1714 solitum
559 1669 728 1725 adfecit,
759 1669 909 1711 deusto
940 1670 1085 1710 monte
1111 1667 1276 1723 Caeli03
1308 1667 1570 1722 feralemque
1603 1680 1764 1708 annum

202 1823 361 1860 minativ
400 1823 476 1858 und
506 1820 706 1857 Accusativ
743 1819 947 1865 gebrauch-

205 1871 302 1916 lich,
340 1872 408 1906 hat
446 1869 598 1905 Tacitus
640 1868 711 1903 mit
747 1867 949 1903 denselben

201 1917 430 1965 Adjektiven
456 1917 552 1953 auch
576 1916 662 1951 hist.
690 1919 729 1958 5,
752 1918 805 1950 13.
858 1913 946 1949 Sall.

200 1966 334 2011 fragm.
367 1970 407 2009 2,
444 1969 500 2009 29,
540 1968 558 1999 1
591 1963 654 1999 ΚΥ.
685 1962 765 1999 Liv.
793 1965 856 2005 26,
890 1965 947 1997 47.

204 2013 317 2049 Sonst
346 2013 397 2048 ist
422 2013 489 2048 das
515 2011 625 2046 Wort
650 2009 847 2046 archaisch
871 2008 949 2044 und

203 2059 500 2097 nachklassisch.

251 2124 308 2156 13.
351 2129 526 2165 praeceps
557 2118 612 2153 als
646 2116 811 2159 Adverb,
850 2115 947 2150 auch

202 2167 285 2204 Sen.
312 2179 347 2203 n.
374 2178 433 2211 qu.
461 2169 493 2209 1,
521 2167 576 2209 15,
602 2168 623 2199 2
650 2167 746 2199 ewnt.
771 2162 947 2198 Ammian

201 2219 259 2259 29,
287 2219 305 2249 1
327 2224 501 2260 praeceps
525 2214 567 2248 in
591 2212 741 2247 exilium
767 2210 852 2246 aeti.

252 2277 306 2308 14.
349 2274 392 2308 in
415 2275 571 2314 mortem,
597 2270 667 2305 wie
694 2281 751 2315 cp.
773 2272 817 2304 45
840 2279 946 2314 prae-

201 2325 312 2358 torem
349 2340 394 2346 —
432 2329 506 2355 uno
545 2318 691 2354 vulnere
723 2318 766 2352 in
801 2319 948 2352 mortem

202 2369 346 2412 adfecit.
397 2366 431 2402 S.
465 2364 562 2400 Einl.
594 2368 624 2407 ξ.
657 2367 713 2399 45.
771 2363 845 2398 Das
875 2362 946 2398 fol-

202 2416 321 2462 gende
335 2417 377 2450 ut
394 2414 462 2449 hat
479 2411 791 2456 restringierende
805 2410 947 2445 Beden-

201 2464 296 2509 tung
321 2461 396 2497 und
424 2460 572 2496 bezieht
602 2458 680 2494 sich
715 2458 782 2494 auf
809 2458 946 2493 crucia-

201 2514 280 2547 tum
305 2510 469 2555 effuyere.

250 2572 306 2605 18.
348 2568 542 2604 noscebant
560 2566 637 2612 „sie
657 2564 812 2600 suchten
830 2575 873 2599 zu
893 2574 946 2599 er-

201 2617 360 2659 kennen,
387 2615 421 2650 d.
447 2615 483 2650 h.
510 2613 564 2649 sie
590 2613 747 2648 suchten
772 2611 869 2646 auf“.

251 2679 307 2711 21.
374 2665 475 2709 Uber
508 2675 685 2718 comperto
727 2670 803 2717 vgl.
846 2669 943 2704 Einl.

202 2726 386 2765 §.112.-
407 2721 517 2757 latior
537 2719 693 2764 „weiter
711 2716 943 2754 verbreitet“

200 2781 270 2805 w.e
297 2773 359 2814 12,
384 2772 429 2804 43
461 2768 573 2804 latius
610 2766 794 2821 metuitur.
847 2763 943 2820 l'lin.

202 2816 309 2860 epist.
330 2820 363 2860 4,
391 2819 446 2860 12,
473 2819 492 2851 7
518 2814 633 2861 mayz's
657 2814 816 2849 hommes
838 2822 928 2848 ouva

198 2864 323 2909 yloria
347 2864 424 2899 lata
449 2873 557 2908 quam
580 2871 724 2907 magma.

1067 1818 1131 1855 63.
1177 1822 1207 1853 1.
1252 1811 1352 1854 Uber
1369 1818 1470 1863 coepi
1486 1817 1558 1853 mit
1577 1817 1662 1853 dem
1679 1827 1764 1862 pas-

1021 1865 1125 1902 siven
1149 1864 1311 1902 Infinitiv
1338 1878 1365 1901 s.
1391 1864 1488 1901 Einl.
1514 1868 1544 1908 ἓ.
1566 1868 1621 1909 11,
1646 1865 1682 1900 b.

1067 1916 1099 1949 4.
1121 1911 1637 1959 debilitata,‚verst1'immelt“.
1656 1910 1764 1955 Nach

1021 1960 1159 1996 Sueton
1188 1961 1343 1996 wurden
1374 1964 1420 1996 20
1433 1963 1503 1996 000
1535 1958 1767 2004 erschlagen.

1069 2012 1100 2044 6.
1162 2008 1282 2043 minor
1319 2008 1666 2053 quadrinyentorum
1702 2009 1763 2042 ott.

1021 2054 1096 2090 Der
1121 2049 1290 2097 Genetffi,
1309 2054 1348 2090 in
1373 2055 1494 2090 dieser
1522 2053 1767 2098 Verbindung

1022 2101 1316 2147 nachklassisch,
1343 2101 1394 2137 ist
1411 2112 1484 2137 von
1509 2099 1631 2136 einem
1649 2111 1693 2135 zu
1707 2111 1766 2136 er-

1019 2149 1233 2194 ganzenden
1247 2148 1466 2185 Substantiv
1477 2149 1529 2194 (re
1548 2148 1637 2183 oder
1654 2158 1764 2192 quam

1017 2198 1086 2241 res)
1107 2195 1310 2242 abhangig.
1354 2195 1440 2241 Vgl.
1456 2195 1595 2231 Sueton
1607 2194 1702 2240 Aug.
1717 2197 1766 2230 38

1018 2244 1193 2280 reddendi
1211 2245 1292 2289 equi
1316 2244 1475 2289 qratiam
1503 2242 1588 2286 fecit
1612 2242 1674 2285 eis,
1698 2241 1764 2287 qm*

1018 2292 1171 2327 maiores
1183 2301 1364 2327 annorum
1380 2291 1538 2336 quinque
1556 2292 1589 2325 et
1606 2289 1764 2334 triqinta

1018 2340 1171 2374 retinere
1195 2349 1274 2373 eum
1292 2338 1438 2373 nollent.
1483 2336 1550 2372 Die
1571 2336 1765 2381 Sp‘ateren,

1018 2397 1090 2421 von
1115 2385 1295 2431 Apulejus
1322 2396 1381 2430 an,
1406 2384 1642 2430 gebrauchen
1667 2393 1760 2428 ganz

1017 2433 1113 2468 nach
1127 2431 1378 2478 griechischer
1390 2431 1515 2467 Weise
1524 2430 1595 2466 den
1603 2429 1761 2465 Genetiv

1017 2479 1118 2515 beim
1145 2479 1400 2524 Komparativ,
1425 2492 1454 2514 z.
1479 2479 1520 2513 B.
1538 2477 1647 2523 Apul.
1673 2478 1763 2512 met.

1020 2531 1075 2571 11,
1093 2530 1138 2562 30
1163 2528 1251 2563 deus
1269 2527 1374 2562 deum
1398 2535 1610 2572 maqnorum
1626 2523 1758 2568 potior.

1020 2578 1052 2619 8,
1073 2579 1117 2610 27
1144 2574 1304 2610 homines
1321 2584 1396 2610 non
1413 2573 1494 2617 fieri
1512 2572 1572 2608 sui
1589 2570 1760 2606 meliores.

1066 2620 1130 2657 64.
1156 2625 1189 2656 2.
1209 2621 1332 2657 deusto
1351 2619 1501 2665 „indem
1520 2618 1760 2654 abbrannte“.

1017 2659 1115 2705 Uber
1160 2668 1232 2703 den
1273 2667 1517 2703 aoristischen
1562 2664 1760 2701 Gebrauch

1016 2716 1079 2752 des
1110 2715 1246 2751 Partic.
1284 2713 1376 2760 perf.
1413 2711 1555 2758 passivi
1595 2723 1622 2747 ε.
1661 2711 1759 2747 Einl.

1016 2766 1048 2806 ξ.
1077 2766 1156 2799 110.
1189 2783 1233 2788 -
1263 2761 1337 2797 Der
1370 2759 1513 2796 Caelius
1545 2758 1640 2803 liegt
1671 2757 1759 2793 stid-

1016 2809 1152 2846 6stlich
1176 2820 1262 2845 vom
1280 2807 1477 2844 Palatium.
1498 2826 1542 2832 —
1561 2797 1661 2842 Uber
1686 2804 1759 2841 den

1017 2857 1209 2894 Gebrauch
1245 2866 1318 2892 von
1353 2854 1481 2899 feralis
1512 2866 1540 2891 s.
1566 2865 1610 2888 zu
1634 2857 1673 2897 2,
1701 2856 1763 2888 75.
