1820 3100
135 1826 190 1869 70

220 129 305 172 246

654 129 881 167 CORNELII
905 122 1063 166 TAcsTI
1087 130 1347 166 ANNALIUM

211 239 343 281 ceteri
373 240 505 282 testes
538 238 756 294 adessent,
795 238 947 282 deinde
979 238 1295 281 accusationem
1325 238 1572 295 inciperent.
1632 238 1769 295 igitur

209 296 397 340 Latiaris
428 299 567 340 iacere
598 298 800 340 fortuitos
831 298 1018 353 primum
1059 312 1293 353 sermones,
1330 312 1430 340 mox
1459 297 1635 340 laudare
1667 312 1768 341 con-

211 357 428 413 stantiam,
455 357 567 412 quod
591 371 691 412 non,
722 359 771 398 ut
802 357 943 413 ceteri,
967 356 1159 399 florentis
1186 356 1337 399 domus
1364 356 1526 399 amicus
1553 356 1767 399 adflictam

212 415 486 471 deseruisset3
514 416 640 458 simul
670 416 837 458 honora
862 416 912 457 de
939 414 1206 471 Germanico,
1231 415 1519 471 Agrippinam
1545 415 1767 471 miserans,

140 482 184 514 15
211 474 461 518 disserebat.
511 477 554 516 et
583 477 814 530 postquam
839 473 1035 526 Sabinus,
1066 477 1115 517 ut
1147 476 1246 517 sunt
1270 474 1423 517 molles
1449 474 1494 516 in
1518 474 1766 517 calamitate

209 534 456 576 mortalium
500 534 648 587 animi,
692 533 840 575 effudit
876 534 1094 589 lacrimas,
1130 534 1270 576 iunxit
1307 535 1504 589 questus,
1542 533 1766 576 audentius

208 593 295 635 iam
328 595 477 634 onerat
509 591 725 647 Seianum,
758 592 999 648 saevitiam,
1038 593 1300 648 superbiam,
1340 607 1437 647 spes
1471 592 1574 635 eius.

1634 606 1689 634 ne
1720 592 1768 634 in

209 651 428 693 Tiberium
461 651 632 706 quidem
664 651 857 693 convicio
891 651 1097 708 abstinet3
1127 651 1243 707 iique
1276 665 1513 706 sermones,
1543 653 1767 707 tamquam

207 710 343 751 vetita
367 710 649 762 miscuissent,
676 710 860 766 speciem
886 711 1004 752 artae
1031 710 1243 752 amicitiae
1267 710 1415 753 fecere.
1466 725 1515 753 ac
1540 710 1627 752 iam
1651 710 1765 753 ultro

207 827 329 882 quasi
362 827 416 869 ad
447 827 703 869 fidissimum
734 827 909 870 deferre.

138 776 182 808 20
212 767 398 811 Sabinus
437 782 639 824 quaerere
681 769 916 824 Latiarem,
959 769 1172 811 ventitare
1216 769 1407 825 domum,
1451 769 1618 812 dolores
1663 783 1764 812 suos

139 883 193 926 69

331 884 587 929 Consultant
633 901 739 941 quos
790 886 1043 941 memoravi,
1087 901 1274 942 quonam
1315 887 1442 930 modo
1488 902 1537 929 ea
1578 887 1768 943 plunum

211 945 360 987 auditu
386 946 692 1000 acciperentur.
742 960 842 987 nam
869 946 963 988 loco
988 945 1033 987 in
1060 960 1186 1001 quem
1212 946 1407 988 coibatur
1432 946 1640 988 servanda
1666 946 1766 989 soli-

208 1004 371 1046 tudinis
402 1004 551 1060 facies3
584 1007 628 1046 et
659 1005 695 1046 si
726 1019 837 1060 pone
867 1004 982 1047 fores
1015 1004 1288 1057 adsisterent,
1319 1007 1458 1047 metus
1489 1005 1620 1060 visus,
1652 1005 1767 1047 soni-

208 1065 279 1105 tus
312 1066 386 1105 aut
411 1063 522 1106 forte
549 1066 667 1106 ortae
693 1064 948 1119 suspicionis
976 1066 1110 1106 erant.
1157 1066 1318 1106 tectum
1343 1064 1456 1106 inter
1482 1065 1525 1106 et
1548 1064 1767 1118 laquearia

160 1129 181 1160 5
209 1125 296 1164 tres
339 1125 577 1178 senatores,
628 1123 744 1165 haud
788 1124 928 1165 minus
971 1123 1087 1178 turpi
1128 1123 1292 1165 latebra
1335 1137 1464 1178 quam
1514 1122 1767 1165 detestanda.

205 1180 355 1223 fraude
387 1196 480 1224 sese
512 1182 781 1237 abstrudunt,
811 1181 1095 1224 foraminibus
1122 1184 1166 1224 et
1190 1182 1309 1224 rimis
1342 1196 1490 1224 aurem
1522 1181 1764 1224 admovent.

205 1239 370 1283 interea
410 1240 595 1283 Latiaris
631 1243 849 1296 repertum
889 1241 935 1282 in
976 1241 1147 1296 publico
1191 1240 1415 1295 Sabinum,
1458 1240 1575 1283 velut
1613 1254 1764 1283 recens

207 1300 380 1355 cognita
410 1302 675 1352 narraturus,
701 1300 875 1342 domum
902 1302 945 1342 et
979 1301 1024 1342 in
1058 1300 1301 1342 cubiculum
1335 1299 1490 1355 trahit3
1520 1299 1768 1355 praeterita-

206 1372 287 1413 que
325 1360 369 1400 et
404 1359 629 1415 instantia,
668 1374 848 1414 quorum
892 1358 1073 1401 adfatim
1117 1359 1261 1415 copia,
1306 1373 1356 1401 ac
1399 1373 1534 1402 novos
1577 1360 1764 1402 terrores

136 1424 180 1456 10
205 1418 406 1460 cumulat.
455 1418 603 1460 eadem
634 1419 707 1461 ille
733 1420 776 1460 et
800 1418 972 1473 diutius,
1003 1420 1162 1474 quanto
1188 1420 1364 1473 maesta,
1393 1418 1469 1460 ubi
1504 1418 1635 1460 semel
1665 1431 1762 1472 pro-

204 1491 369 1531 rupere,
407 1476 623 1519 difficilius
658 1478 898 1520 reticentur.
950 1479 1182 1532 properata
1211 1477 1310 1518 inde
1346 1477 1573 1532 accusatio,
1604 1476 1764 1519 missis-

205 1549 286 1590 que
313 1536 365 1577 ad
392 1534 620 1578 Gaesarem
645 1536 802 1578 litteris
830 1535 1023 1578 ordinem
1047 1535 1210 1577 fraudis
1238 1550 1446 1591 suumque
1471 1536 1556 1591 ipsi
1580 1535 1760 1578 dedecus

203 1608 442 1636 narravere.

203 1655 353 1708 tegens
411 1653 634 1696 adversum
699 1653 940 1709 proximos3
1002 1667 1275 1710 congressus,

135 1718 178 1751 15
204 1711 463 1769 ignotaeque
495 1727 618 1755 aures
638 1712 777 1755 vitari.
827 1712 957 1754 etiam
989 1715 1109 1755 muta
1135 1714 1261 1767 atque
1293 1712 1495 1767 inanima,
1524 1713 1688 1755 tectum
1719 1714 1763 1754 et

203 1770 387 1825 parietes
420 1772 897 1828 circumspectabantur.

520 1609 608 1637 non
658 1595 763 1637 alias
813 1595 951 1650 magis
1003 1595 1130 1636 anxia
1179 1597 1223 1636 et
1270 1609 1431 1649 pavens
1483 1594 1652 1648 civitas,
1697 1594 1763 1636 sui

1333 1653 1579 1708 conloquia,
1634 1655 1763 1696 notae

323 1829 404 1872 Sed
437 1829 594 1873 Caesar
632 1831 859 1873 sollemnia
894 1829 1136 1884 incipientis
1176 1830 1278 1871 anni
1314 1829 1510 1871 kalendis
1546 1828 1759 1872 Ianuariis

204 1888 391 1943 epistola
420 1892 635 1946 precatus,
659 1889 790 1932 vertit
818 1889 864 1931 in
889 1887 1107 1944 Sabinum,
1139 1891 1364 1943 corruptos
1396 1888 1605 1944 quosdam
1634 1889 1764 1932 liber·

202 1950 347 1991 torum
378 1951 421 1990 et
450 1949 636 2004 petitum
663 1963 708 1991 se
734 1962 931 2004 arguenS,
956 1948 1246 2003 ultionemque
1271 1947 1386 1989 haud
1412 1948 1589 1990 obscure
1613 1961 1762 2004 posce-

252 2078 306 2111 14.
338 2076 496 2112 honorus
515 2076 631 2112 findet
650 2075 730 2112 sich
754 2076 817 2112 bei
835 2076 946 2111 Dich-

202 2122 286 2158 torn
310 2123 386 2158 und
410 2124 463 2157 im
496 2124 683 2159 silbernen
707 2123 851 2159 Latein.

252 2178 308 2210 19.
357 2177 467 2212 vetita
491 2177 637 2212 miscere
666 2177 717 2212 ist
741 2175 825 2212 eine
850 2187 944 2211 neue

203 2220 343 2258 Phrase
371 2223 468 2258 nach
487 2223 670 2268 Analogie
696 2235 768 2259 von
793 2224 948 2259 consilia

203 2269 347 2305 miseere
371 2269 456 2305 hist.
483 2274 515 2315 2,
544 2274 574 2306 7.

251 2328 315 2364 69.
352 2333 382 2364 3.
416 2340 513 2374 pone
536 2329 586 2364 ist
604 2328 715 2364 meist
740 2329 943 2374 archaisch,

205 2374 430 2411 dichterisch
450 2376 525 2411 und
543 2375 834 2420 nachklassisch,
861 2377 946 2411 sehr

204 2422 323 2458 selten
347 2424 409 2459 bei
433 2422 662 2459 Klassikern.
688 2444 732 2449 -
760 2423 834 2458 Der
858 2422 944 2458 Plu-

202 2471 259 2505 ral
283 2474 396 2506 metus
428 2471 528 2506 steht
558 2471 654 2506 auch
681 2474 718 2516 1,
745 2474 800 2506 29.
826 2474 860 2516 4,
888 2473 944 2506 71.

203 2521 242 2563 6,
271 2521 325 2554 18.
350 2518 436 2554 hist.
463 2521 504 2564 2,
533 2521 587 2553 12.
613 2521 654 2564 4,
680 2521 701 2553 ὅ
731 2518 807 2553 und
832 2517 945 2552 schon

202 2564 263 2600 bei
289 2565 425 2601 Cicero.

253 2622 283 2653 7.
333 2629 454 2654 recens
479 2618 534 2653 als
560 2617 721 2663 Adverb,
747 2618 817 2653 wie
843 2621 877 2661 2,
897 2621 941 2652 21

201 2676 323 2701 recens
347 2670 530 2711 acceptum
554 2666 697 2701 vulnus.
742 2668 774 2709 6,
802 2668 846 2700 10
870 2664 946 2699 und

204 2712 317 2756 often
356 2714 452 2749 auch
488 2711 550 2748 bei
581 2713 753 2756 Plautus,
794 2711 944 2755 Sallust,

203 2759 331 2794 Livius
363 2760 438 2795 und
470 2760 660 2805 Spateren.
700 2779 743 2785 —
777 2758 848 2795 Dio
882 2759 944 2794 be-

203 2805 326 2842 merkt
351 2808 422 2852 (58,
450 2808 483 2852 1)
510 2819 553 2842 zu
573 2807 637 2841 der
655 2805 736 2842 hier
755 2806 945 2842 erzahlten

202 2851 376 2888 Perfidie:
408 2854 481 2888 τῶν
511 2851 583 2899 ’γάρ
608 2866 666 2888 τοι
690 2855 942 2897 συκοφαντεῖν

205 2895 416 2935 ἐθελόντων
449 2899 558 2946 ἔργον
589 2897 666 2936 ἐστὶ
690 2900 878 2946 λοιδορίας
902 2911 941 2934 τε

1017 2072 1119 2115 τινὸς
1127 2073 1458 2120 προκατάρχεσθαι
1470 2074 1536 2111 καὶ
1545 2071 1762 2121 οἷπόρᾆτόν

1019 2135 1054 2157 τι
1081 2119 1291 2167 ἐκφαίνειν,
1310 2123 1375 2157 ἵνα
1399 2116 1566 2162 ἀκούσας
1589 2135 1626 2157 τι
1643 2120 1764 2164 αυτὸς

1019 2165 1042 2214 ἢ
1070 2169 1136 2205 καὶ
1161 2167 1295 2215 ὅμοιόν
1320 2183 1355 2204 τι
1382 2167 1499 2204 εἰπών
1525 2168 1696 2216 αἰτιαθῇ.

1068 2220 1100 2252 9.
1155 2217 1346 2252 instantia.
1401 2215 1487 2258 vgl.
1523 2216 1613 2252 hist.
1645 2220 1684 2262 3,
1715 2219 1761 2252 36

1014 2265 1220 2309 praeterita
1237 2264 1415 2299 instantia
1435 2264 1576 2307 futwra.
1620 2262 1664 2299 Iu
1681 2263 1759 2300 die-

1022 2322 1099 2346 sem
1125 2310 1237 2346 Sinne
1263 2312 1377 2346 sehon
1400 2309 1463 2346 bei
1489 2310 1628 2346 Cicero.

1066 2373 1120 2405 10.
1156 2370 1306 2414 diutius,
1328 2369 1423 2405 ohne
1439 2369 1759 2415 voraufgehendes

1017 2420 1135 2460 tanto,
1161 2417 1230 2452 wie
1254 2417 1341 2452 hist.
1367 2420 1409 2461 3,
1437 2419 1480 2451 18
1511 2419 1645 2462 quanto
1671 2416 1761 2461 plus

1016 2465 1093 2509 spei
1123 2465 1173 2500 ad
1206 2465 1395 2509 effuqium,
1428 2464 1600 2499 minorem
1625 2463 1675 2499 ad
1705 2474 1759 2500 re-

1017 2512 1214 2547 sistendum
1238 2512 1402 2546 animum
1425 2511 1573 2546 dabant.

1067 2561 1122 2592 13.
1160 2559 1221 2594 sui
1238 2562 1356 2604 teyens
1375 2555 1636 2602 „vorsichtig“.
1668 2556 1758 2604 Vgl.

1019 2616 1074 2650 cp.
1103 2610 1121 2640 1
1148 2606 1209 2641 sui
1232 2606 1404 2651 obteqem.

1067 2663 1129 2699 ¹70.
1170 2667 1200 2700 1.
1226 2663 1298 2698 Am
1317 2663 1438 2698 ersten
1452 2663 1591 2698 Januar
1604 2662 1759 2699 wurden

1017 2710 1207 2746 feierliche
1226 2710 1340 2755 Opfer
1356 2708 1434 2745 und
1453 2709 1593 2745 Gebete
1613 2709 1671 2744 fiir
1689 2709 1757 2746 das

1017 2757 1133 2793 Wohl
1152 2758 1216 2793 des
1235 2756 1382 2792 Staates
1401 2754 1637 2801 abgehalten.
1681 2756 1758 2792 Der

1016 2804 1148 2840 Kaiser
1171 2804 1313 2850 spricht
1337 2803 1413 2838 dies
1438 2802 1515 2838 Mal
1547 2802 1649 2839 scine
1674 2803 1758 2839 dar·

1016 2851 1082 2886 auf
1101 2850 1345 2896 bezsiglichen
1369 2850 1555 2886 Wfinsche
1580 2849 1757 2887 brieflioh

1015 2909 1091 2934 aus.

1010 3067 1021 3089 ἱ

1806 2946 1820 3060 -fit—ssff*
