1820 3100
208 91 298 134 254

407 90 638 128 CORNELII
665 90 1113 129 TACITIANNALIUM
1137 89 1226 127 LIB.
1253 89 1296 126 V.
1347 89 1450 129 CAP.
1474 95 1579 130 4—-5,

209 201 374 256 lavere,
418 200 742 257 promptissimo
782 198 911 243 Cotta
947 198 1180 242 Messalino
1226 213 1322 242 cum
1366 200 1502 243 atroci
1545 201 1771 246 sententia.

139 265 184 298 15
210 259 285 303 sed
316 259 413 302 aliis
446 275 472 302 a
501 259 766 316 primoribus
798 259 1066 315 maximeque
1105 274 1131 302 a
1161 258 1488 315 magistratibus
1526 260 1768 315 trepidaba-

208 322 299 374 tur3
351 319 509 374 quippe
553 318 754 362 Tiberius
804 319 884 361 etsi
933 318 1101 360 infense
1144 318 1337 360 invectus
1381 320 1522 361 cetera
1566 319 1771 377 ambigua

207 379 451 434 reliquerat.

326 437 428 480 Fuit
459 437 504 479 in
536 439 687 479 senatu
710 436 859 479 Iunius
884 436 1101 490 Rusticus,
1132 435 1422 491 conponendis
1453 439 1628 492 patrum
1659 438 1770 481 actis

211 497 401 539 delectus
434 512 459 539 a
491 494 694 551 Caesare,
732 510 866 551 eoque
902 495 1206 538 meditationes
1244 496 1335 538 eius
1368 496 1650 552 introspicere
1682 511 1768 540 cre-

209 556 336 598 ditus.
386 556 423 598 is
454 555 579 598 fatali
612 554 798 611 quodam
828 556 949 597 motu
975 553 1130 610 (neque
1155 555 1268 597 enim
1294 556 1395 598 ante
1427 556 1642 610 specimen
1668 571 1769 599 con-

210 616 396 658 stantiae
422 613 615 669 dederat)
642 628 717 656 seu
741 628 876 668 prava
902 613 1107 667 sollertia,
1133 613 1233 656 dum
1259 614 1580 658 imminentium
1606 615 1768 659 oblitus

161 680 183 712 5
209 675 374 717 incerta
403 676 543 729 pavet,
574 674 762 715 inserere
794 687 840 715 se
872 671 1167 715 dubitantibus
1199 688 1249 716 ac
1279 688 1454 716 monere
1486 675 1682 718 consules
1713 689 1770 717 ne

207 733 463 775 relationem
487 732 742 788 inciperent3
770 731 1089 787 disserebatque
1113 732 1316 775 brevibus
1342 734 1573 776 momentis
1600 749 1770 777 summa

209 791 338 847 verti,
373 806 501 847 posse
533 791 786 846 quandoque
817 791 960 834 domus
991 789 1238 833 Germanici
1269 791 1448 834 exitium
1478 793 1770 848 paenitentiae

208 864 290 894 esse
322 851 424 893 seni.
475 851 604 893 simul
635 851 819 906 populus
846 849 1011 906 effigies
1036 849 1303 906 Agrippinae
1329 866 1377 894 ac
1400 850 1588 895 Neronis
1615 866 1768 909 gerens

210 910 488 953 circumsistit
531 910 694 952 curiam
736 909 977 965 faustisque
1019 909 1066 951 in
1103 908 1331 952 Gaesarem
1375 911 1589 954 ominibus
1633 911 1770 954 falsas

139 979 183 1012 10
209 970 379 1012 litteras
411 971 454 1011 et
484 969 676 1025 principe
707 969 843 1011 invito
877 968 1055 1010 exitium
1087 967 1234 1011 domui
1258 969 1347 1011 eius
1371 969 1537 1012 intendi
1561 971 1769 1014 clamitat.

207 1028 270 1071 ita
301 1028 411 1070 nihil
435 1029 561 1070 triste
592 1028 669 1071 illo
701 1028 769 1071 die
800 1030 1033 1083 patratum.
1081 1027 1333 1070 ferebantur
1364 1028 1493 1083 etiam
1526 1030 1604 1072 sub
1630 1030 1768 1072 nomi-

207 1087 334 1130 nibus
372 1088 663 1130 consularium
700 1088 826 1130 fictae
856 1088 902 1129 in
934 1086 1136 1130 Seianum
1174 1087 1430 1143 sententiae,
1468 1089 1768 1132 exercentibus

206 1147 426 1202 plerisque
464 1161 539 1202 per
577 1147 792 1190 occultum
830 1149 957 1202 atque
995 1161 1045 1189 eo
1082 1146 1303 1201 procacius
1341 1147 1565 1190 libidinem
1604 1147 1771 1204 ingeni-

209 1221 343 1248 orum.
392 1207 504 1249 unde
534 1206 599 1248 illi
631 1207 696 1248 ira
721 1206 952 1249 violentior
977 1209 1021 1248 et
1046 1206 1245 1248 materies
1272 1206 1544 1249 criminandi:
1577 1208 1770 1262 spretum

140 1275 184 1308 15
211 1265 403 1308 dolorem
438 1265 647 1321 principis
686 1265 740 1307 ab
780 1268 948 1317 senatu,
989 1265 1216 1308 descivisse
1253 1266 1477 1322 populum3
1515 1266 1652 1308 audiri
1681 1266 1769 1309 iam

211 1327 255 1367 et
285 1325 372 1380 legi
401 1339 538 1368 novas
570 1325 802 1378 contiones,
833 1339 945 1367 nova
975 1327 1148 1379 patrum
1179 1325 1392 1379 consulta3
1424 1325 1525 1381 quid
1555 1325 1770 1380 reliquum

207 1384 294 1426 nisi
319 1386 368 1426 ut
392 1386 595 1439 caperent
619 1384 782 1426 ferrum
806 1386 861 1439 et,
893 1398 1076 1439 quorum
1100 1384 1310 1440 imagines
1335 1399 1413 1439 pro
1440 1385 1608 1427 vexillis
1635 1384 1770 1428 secuti

209 1443 365 1499 forent,
396 1443 523 1486 duces
554 1444 921 1498 imperatoresque
954 1443 1219 1498 deligerent?

330 1501 472 1558 Igitur
503 1501 662 1545 Caesar
692 1502 889 1557 repetitis
923 1502 1148 1544 adversum
1179 1504 1382 1558 nepotem
1413 1505 1458 1545 et
1485 1518 1642 1546 nurum
1671 1517 1770 1559 pro-

208 1562 298 1603 bris
329 1562 623 1616 increpitaque
655 1575 732 1615 per
758 1561 942 1603 edictum
972 1561 1109 1616 plebe,
1141 1565 1318 1616 questus
1345 1561 1459 1617 apud
1483 1564 1629 1617 patres
1655 1561 1770 1617 quod

207 1620 358 1662 fraude
384 1621 508 1662 unius
534 1620 747 1663 senatoris
772 1620 1050 1675 imperatoria
1074 1621 1279 1662 maiestas
1305 1621 1425 1663 elusa
1449 1621 1619 1676 publice
1643 1620 1771 1676 foret,

207 1679 380 1736 integra
415 1681 562 1722 tamen
601 1679 686 1721 sibi
722 1682 875 1721 cuncta
909 1679 1159 1734 postulavit.
1221 1694 1298 1722 nec
1334 1680 1450 1722 ultra
1482 1679 1769 1723 deliberatum

162 1754 183 1786 5
210 1753 293 1794 quo
326 1739 467 1781 minus
497 1753 587 1780 non
612 1737 784 1793 quidem
810 1740 1000 1780 extrema
1026 1739 1301 1781 decernerent
1326 1737 1390 1796 (id
1415 1739 1530 1781 enim
1555 1738 1770 1795 vetitum),

211 1798 285 1840 sed
315 1800 493 1853 paratos
526 1797 580 1839 ad
610 1797 821 1840 ultionem
850 1797 893 1839 vi
924 1797 1130 1853 principis
1162 1798 1361 1854 impediri
1390 1800 1666 1841 testarentur.

260 1906 315 1939 14.
342 1894 443 1937 Uber
469 1901 575 1937 Cotta
599 1914 625 1938 s.
647 1913 691 1936 zu
717 1905 750 1946 2,
771 1904 826 1937 32.

259 1953 314 1985 15.
353 1949 608 1994 trepidabatur
643 1949 726 1994 „sie
762 1959 887 1984 waren
917 1949 956 1984 in

209 1996 513 2042 Verlegenheit“.

258 2043 296 2080 4.
322 2048 354 2079 2.
381 2044 534 2080 delectus
558 2043 628 2078 mit
653 2044 737 2079 dem
756 2042 869 2078 Dativ
889 2043 954 2079 des

212 2090 494 2135 Gerundivums,
521 2102 549 2127 s.
569 2102 613 2126 zu
640 2095 673 2136 2,
693 2095 716 2126 4
741 2101 954 2136 componen-

211 2140 280 2175 dae
299 2138 496 2175 Armeniae
514 2138 697 2184 deliyitur.
718 2158 763 2164 -
781 2137 851 2173 Die
864 2138 954 2174 Ver-

212 2185 481 2230 6ffentlichung
528 2186 594 2221 der
637 2185 953 2231 Verhandlungen

211 2233 277 2268 des
303 2233 437 2268 Senats
463 2234 561 2279 (acta
586 2232 676 2267 oder
707 2233 955 2268 commentarii

210 2281 371 2324 senatus)
396 2279 473 2314 und
498 2279 563 2315 des
583 2278 737 2324 Volkes,
763 2280 871 2315 beide
891 2292 953 2315 zu—

212 2338 379 2363 sammen
398 2330 481 2363 acta
500 2327 640 2362 diurna
651 2328 827 2372 genannt,
847 2327 953 2363 hatte

213 2374 327 2411 Casa'r
359 2373 411 2409 im
442 2374 476 2410 J.
503 2377 547 2409 59
582 2374 827 2419 angeordnet‚
866 2374 954 2410 aber

209 2422 400 2468 Augustus
433 2420 589 2457 schaffte
625 2421 685 2457 die
710 2421 953 2467 Herausgabe

210 2470 277 2505 der
320 2467 665 2514 Senatsprotokolle
710 2468 849 2504 wieder
892 2468 950 2505 ab.

212 2516 284 2552 Der
309 2519 456 2553 cwrator
481 2519 643 2552 actorum
668 2515 774 2560 (oder
792 2516 839 2552 ab
859 2517 951 2551 actis

208 2564 370 2608 senatus)
396 2563 499 2599 ward
524 2574 609 2599 vom
634 2562 766 2599 Kaiser
794 2565 952 2599 ernannt

206 2611 283 2646 und
326 2610 462 2646 musste
506 2609 606 2646 seine
645 2610 786 2646 Politik
829 2621 951 2655 genau

206 2659 370 2702 konnen,
403 2668 466 2693 um
490 2658 613 2693 nichts
638 2657 885 2703 Missliebiges
910 2657 950 2692 in

209 2705 310 2741 diese
340 2705 464 2740 Akten
499 2704 777 2740 aufzunehmen.
829 2705 950 2750 Dieje-

207 2752 320 2798 nigen
364 2756 447 2788 aeta
489 2753 628 2788 diurna
665 2752 754 2788 oder
792 2753 950 2795 urbana,

207 2799 349 2835 welche
391 2799 489 2844 nach
530 2799 601 2834 wie
645 2810 710 2835 vor
752 2798 951 2845 publiziert

1027 1902 1198 1947 wurden,
1231 1902 1439 1939 enthielten
1468 1914 1539 1937 nur
1564 1902 1769 1938 stadtisehe

1028 1950 1104 1985 und
1134 1948 1380 1995 gerichtlichc
1411 1949 1768 1996 Angelegenheiten.

1076 2000 1108 2032 5.
1127 2008 1263 2042 pavere
1280 1997 1352 2034 mit
1364 1998 1449 2034 dem
1461 1996 1661 2033 Accusativ
1673 1996 1770 2033 auch

1028 2047 1091 2089 15,
1119 2047 1174 2080 11.
1211 2044 1300 2081 hist.
1325 2049 1364 2090 3,
1391 2049 1446 2081 56.
1504 2045 1551 2080 So
1594 2056 1665 2080 nm·
1705 2043 1769 2080 bei

1027 2091 1218 2137 Dichtern‚
1246 2091 1386 2128 Sallust
1404 2092 1480 2127 und
1504 2091 1557 2126 im
1582 2091 1769 2128 silbernen

1026 2138 1170 2175 Latein.
1220 2139 1328 2175 Auch
1365 2139 1432 2176 der
1467 2138 1669 2175 Accusativ
1705 2138 1769 2174 bei

1021 2197 1211 2232 pavescere
1241 2187 1317 2223 und
1348 2197 1577 2232 eaepavescere
1606 2186 1656 2222 ist
1678 2196 1767 2231 poe-

1025 2233 1123 2269 tisch
1159 2233 1237 2269 und.
1271 2233 1562 2270 nachklassisch.
1594 2253 1639 2259 —
1673 2234 1767 2269 inse-

1024 2292 1102 2317 rere
1126 2291 1162 2316 se
1185 2282 1278 2317 statt
1302 2292 1338 2317 se
1360 2282 1568 2325 immiscere,
1587 2280 1659 2316 wie
1678 2280 1765 2316 hist.

1027 2333 1060 2371 2,
1088 2332 1130 2364 19
1156 2329 1397 2365 inserentibus
1420 2340 1456 2365 se
1481 2327 1767 2364 centurionibus.

1026 2375 1113 2411 Hor.
1141 2386 1252 2412 carm.
1280 2380 1310 2421 1,
1335 2380 1366 2420 1,
1387 2379 1432 2412 35
1458 2376 1554 2421 quod
1576 2375 1611 2411 si
1633 2385 1687 2411 me
1711 2375 1767 2422 ly-

1025 2423 1113 2459 ricis
1136 2424 1280 2459 vatibus
1303 2424 1448 2460 inseres.
1478 2422 1560 2458 Von
1580 2422 1629 2458 da
1647 2421 1695 2458 ab
1713 2421 1766 2457 im

1026 2470 1213 2506 silbernen
1237 2471 1380 2507 Latein.

1073 2521 1104 2553 6.
1132 2518 1297 2554 brevibus
1308 2518 1492 2554 momentis
1505 2520 1563 2553 ctt.
1586 2515 1765 2562 Vgl.Liv.

1023 2568 1057 2608 3,
1077 2568 1122 2599 27
1150 2570 1288 2610 puncto
1317 2576 1422 2611 saepe
1452 2564 1621 2610 temporis
1644 2564 1765 2599 niaxi-

1022 2623 1165 2647 marum
1189 2624 1308 2648 rerum
1332 2615 1510 2648 momenta
1534 2611 1635 2646 verti.

1072 2662 1127 2694 11.
1166 2661 1232 2695 sub
1263 2660 1482 2696 nominibus.
1522 2657 1556 2694 S.
1584 2670 1627 2693 zu
1653 2661 1691 2702 2,
1717 2661 1764 2693 33

1020 2707 1087 2742 sub
1111 2707 1319 2743 nominibus
1341 2706 1506 2742 honestis.

1068 2753 1107 2790 5.
1133 2757 1165 2790 5.
1191 2745 1290 2790 Uber
1313 2764 1382 2800 quo
1406 2753 1527 2789 minus
1553 2753 1647 2788 statt
1670 2752 1765 2798 quin

1021 2812 1047 2836 s.
1068 2813 1113 2836 zu
1141 2805 1171 2846 1,
1191 2805 1247 2837 21.
