1820 3100
117 563 176 605 51

113 1685 173 1728 52

190 98 279 141 234

620 97 848 135 CORNELII
874 97 1035 135 TACITI
1059 96 1322 134 ANNALIUM

121 217 165 251 15
189 208 388 250 firmatae
421 207 632 251 stationes
664 207 935 251 densioribus
962 206 1115 262 globis.
1164 209 1208 249 et
1232 205 1465 262 ingruebat
1488 219 1574 248 nox
1598 205 1749 250 nimbo

191 269 327 323 atrOX,
358 267 582 323 hostisque
614 267 802 310 clamore
832 266 1017 322 turbido,
1048 265 1176 308 modo
1207 279 1285 320 per
1314 267 1484 308 vastum
1516 264 1750 322 silentium,

189 326 379 369 incertos
412 327 660 369 obsessores
699 326 912 381 effecerat,
950 339 1048 368 cum
1080 323 1266 367 Sabinus
1305 323 1546 380 circumire,
1583 323 1752 368 hortari

187 398 242 428 ne
280 385 334 428 ad
372 386 577 442 ambigua
614 386 780 428 sonitus
820 387 895 427 aut
932 384 1252 426 simulationem
1284 383 1440 439 quietis
1472 397 1619 426 casum
1650 383 1754 426 insi-

190 445 408 487 diantibus
449 446 682 500 aperirent,
720 443 795 486 sed
826 458 904 486 sua
934 443 1115 500 quisque
1146 442 1294 485 munia
1325 444 1549 486 servarent
1579 443 1751 486 immoti

117 514 164 546 2ο
188 503 371 560 telisque
402 519 488 546 non
519 505 565 546 in
595 504 756 546 falsum
787 503 926 545 iactis.

323 563 496 606 Interea
542 562 717 605 barbari
774 561 959 604 catervis
1009 561 1280 603 decurrentes
1330 575 1446 602 nunc
1494 561 1538 603 in
1588 560 1752 604 vallum

180 623 411 665 -manualia
455 637 575 677 saxa,
615 623 842 677 praeustas
879 620 1022 675 sudeS,
1063 620 1207 662 decisa
1243 620 1402 663 robora
1438 620 1596 676 iacere,
1635 633 1751 663 nunc

189 682 392 738 virgultis
431 683 474 723 et
512 681 702 723 cratibus
740 683 784 722 et
821 679 1073 735 corporibus
1112 679 1320 722 exanimis
1353 680 1569 735 complere
1599 679 1752 735 fossas,

190 740 363 796 quidam
401 740 546 795 pontis
586 742 630 782 et
667 740 805 782 scalas
845 742 943 782 ante
980 738 1182 781 fabricati
1217 738 1375 780 inferre
1411 738 1750 794 propugnaculis

141 809 163 842 5
190 813 323 855 eaque
361 813 584 855 prensare,
622 798 846 841 detrahere
884 800 927 840 et
963 797 1190 840 adversum
1229 797 1470 840 resistentis
1511 798 1750 841 comminus

188 858 284 901 niti.
334 859 456 901 miles
489 861 639 900 contra
672 857 899 900 deturbare
930 856 1046 912 telis,
1076 856 1234 911 pellere
1264 857 1536 912 umbonibus,
1567 857 1752 900 muralia

187 917 291 972 pila,
323 920 554 974 congestas
585 917 778 972 lapidum
802 917 937 959 moles
962 916 1227 970 provolvere.
1275 915 1345 957 his
1370 918 1519 970 partae
1543 916 1750 959 victoriae

189 991 287 1032 spes
314 979 368 1032 et,
401 977 438 1019 si
464 977 629 1031 cedant,
659 976 915 1032 insignitius
939 975 1168 1031 flagitium,
1191 974 1279 1016 illis
1304 977 1494 1017 extrema
1518 975 1606 1017 iam
1631 975 1749 1018 salus

188 1038 232 1078 et
276 1036 536 1079 adsistentes
578 1036 796 1092 plerisque
840 1037 1001 1077 matres
1045 1033 1248 1089 coniuges
1289 1047 1521 1089 earumque
1560 1034 1751 1077 lamenta.

117 1106 162 1138 10
189 1095 354 1138 addunt
396 1096 577 1138 animos.
636 1110 723 1138 nox
763 1094 860 1137 aliis
896 1094 941 1136 in
979 1093 1221 1148 audaciam,
1261 1092 1358 1135 aliis
1390 1093 1444 1135 ad
1474 1092 1750 1136 formidinem

187 1158 454 1210 opportuna3
506 1154 660 1197 incerti
702 1155 831 1209 ictus,
880 1154 1058 1197 vulnera
1105 1152 1346 1208 inprovisa,
1396 1166 1570 1194 suorum
1619 1154 1750 1209 atque

186 1213 377 1256 hostium
408 1214 627 1269 ignoratio
653 1216 696 1256 et
722 1213 881 1255 montis
908 1212 1107 1255 anfractu
1130 1225 1407 1267 repercussae
1432 1211 1552 1254 velut
1577 1225 1603 1253 a
1626 1214 1749 1268 tergo

187 1287 314 1316 voces
343 1272 447 1316 adeo
474 1275 630 1316 cuncta
654 1272 926 1327 miscuerant,
957 1274 1007 1314 ut
1031 1271 1241 1327 quaedam
1269 1270 1539 1313 munimenta
1563 1270 1751 1328 Romani

187 1333 312 1387 quasi
342 1335 546 1388 perrupta
578 1332 814 1375 omiserint.
873 1344 1012 1387 neque
1048 1333 1195 1372 tamen
1226 1343 1454 1386 pervasere
1484 1330 1632 1372 hostes
1663 1330 1750 1372 nisi

116 1401 161 1433 15
188 1391 417 1434 admodum
459 1392 604 1447 pauci3
654 1394 838 1446 ceteros,
887 1390 1051 1433 deiecto
1094 1389 1419 1445 promptissimo
1463 1403 1631 1444 quoque
1674 1391 1751 1432 aut

189 1451 347 1506 saucio,
379 1451 609 1506 adpetente
641 1451 727 1492 iam
758 1451 851 1493 luce
882 1452 1049 1492 trusere
1074 1449 1118 1491 in
1145 1463 1311 1491 summa
1336 1448 1517 1501 castelli,
1547 1449 1623 1491 ubi
1651 1451 1749 1492 tan-

188 1509 285 1552 dem
329 1513 480 1553 coacta
523 1509 696 1552 deditio.
758 1511 801 1551 et
843 1509 1039 1564 proxima
1082 1511 1234 1563 sponte
1277 1507 1515 1550 incolarum
1557 1511 1747 1565 recepta3

186 1569 383 1625 reliquis,
421 1583 504 1624 quo
542 1569 684 1611 minus
721 1569 764 1610 vi
802 1570 877 1610 aut
913 1566 1081 1610 obsidio
1114 1566 1431 1622 subigerentur,
1467 1570 1748 1622 praematura

186 1629 346 1670 montis
378 1628 533 1670 Haemi
564 1629 608 1670 et
638 1641 767 1670 saeva
796 1627 935 1669 hiems
967 1625 1178 1668 subvenit.

305 1686 366 1730 At
396 1687 560 1730 Romae
592 1688 810 1730 commota
845 1686 1052 1741 principis
1092 1685 1237 1739 dom0,
1273 1685 1323 1726 ut
1360 1683 1490 1726 series
1526 1684 1662 1727 futuri
1699 1685 1748 1728 in

187 1745 478 1803 Agrippinam
529 1746 649 1788 exitii
696 1745 924 1801 inciperet,
973 1743 1154 1788 Claudia
1196 1742 1384 1786 Pulchra
1433 1743 1607 1786 sobrina
1656 1745 1747 1788 eius

236 1888 291 1921 15.
318 1886 445 1932 ylobus
470 1885 647 1932 „Schar“,
674 1896 701 1920 s.
723 1888 755 1929 1,
781 1888 837 1920 25.

235 1948 290 1980 16.
335 1945 439 1981 modo
484 1945 578 1979 statt
619 1944 724 1980 modo
756 1964 800 1969 —
829 1944 933 1980 modo

185 2004 258 2027 nur
281 1992 364 2027 hier
387 1992 465 2027 und
491 1995 524 2038 6,
544 1994 601 2027 32.

236 2055 292 2088 17.
336 2062 417 2087 cum
452 2051 524 2087 mit
561 2051 646 2086 dem
682 2049 932 2102 historischen

186 2098 368 2142 Infinitiv3
396 2110 423 2134 s.
443 2097 542 2133 Einl.
562 2101 592 2141 §-
613 2101 670 2135 92.

236 2162 291 2194 18.
328 2168 452 2193 casam
487 2158 670 2203 aperire,
674 2155 932 2202 ,Gelegenheit

186 2215 271 2239 zum
295 2203 502 2240 Entrinnen
525 2205 669 2250 geben“
673 2231 680 2239 .

234 2266 291 2298 20.
317 2263 359 2298 in
382 2264 529 2307 falsum.
561 2262 647 2309 Vgl.
670 2267 703 2308 3,
722 2265 767 2298 56
792 2262 834 2298 in
859 2262 931 2306 fal-

183 2321 265 2347 sum
290 2314 410 2346 aucta.

234 2374 297 2412 51.
326 2378 357 2410 1.
383 2375 538 2411 catervis
557 2375 650 2411 statt
669 2386 738 2420 per
756 2377 930 2417 catervas,

185 2423 256 2458 wie
287 2421 375 2458 hist.
402 2427 440 2468 2,
466 2426 511 2458 42
549 2424 701 2459 catervis
736 2424 769 2458 et
807 2401 930 2458 cuneis'

185 2451 459 2507 concurrebant.
493 2469 528 2506 S.
547 2469 644 2506 Einl.
667 2473 696 2513 ἓ.
712 2473 768 2506 37.
789 2490 833 2495 —
853 2479 929 2504 ma-

184 2519 313 2554 nualis
334 2519 458 2554 zuerst
478 2516 541 2554 bei
561 2516 727 2562 Sisenna,
753 2517 853 2552 daun
876 2516 929 2576 im

186 2565 373 2601 silbernen
397 2565 474 2601 und
500 2564 722 2611 Spatlatein

236 2633 290 2665 10.
322 2631 365 2665 in
396 2630 592 2666 audaciam
617 2650 663 2656 -—
688 2629 738 2665 ad
761 2629 928 2673 formidi-

184 2689 278 2721 nem,
302 2677 473 2713 derselbe
498 2677 675 2713 Wechsel
699 2677 765 2712 der
789 2675 928 2732 Pr’apo-

186 2724 299 2760 sition
335 2724 406 2760 wie
443 2729 480 2769 1,
506 2728 551 2760 28
585 2728 627 2761 ut
663 2724 851 2760 novissimi
886 2724 929 2759 in

184 2772 348 2816 culpam,
378 2772 434 2808 ita
457 2772 570 2818 primi
594 2772 644 2808 ad
662 2771 928 2817 paenitentiam

183 2828 319 2855 sumus.

235 2879 290 2911 12.
325 2877 421 2913 velut
450 2889 474 2913 a
505 2882 603 2924 teryo
627 2888 745 2922 voces,
778 2888 819 2914 so
844 2875 925 2912 dass

1005 1894 1095 1919 man
1137 1882 1216 1919 also
1260 1882 1462 1928 ffirchtete‚
1506 1894 1546 1919 es
1589 1883 1749 1920 st‘anden

1005 1930 1147 1967 Feinde
1171 1930 1224 1965 im
1248 1929 1415 1966 Rficken.

1055 1982 1110 2014 17.
1141 1969 1243 2013 Uber
1271 1981 1399 2023 sponte
1422 1977 1493 2013 mit
1516 1977 1602 2014 dem
1628 1977 1747 2014 Gene-

1004 2025 1061 2061 tiv
1087 2036 1114 2060 s.
1134 2025 1231 2062 Einl.
1249 2029 1281 2068 ξ.
1301 2028 1358 2060 41.

1054 2077 1108 2110 19.
1140 2072 1215 2109 Der
1245 2073 1429 2117 Haemus,
1461 2072 1559 2118 jetzt
1587 2071 1746 2117 Balkan,

1003 2120 1098 2166 liegt
1127 2119 1310 2156 zwischen
1340 2119 1524 2156 Thracien
1553 2118 1630 2155 und
1660 2119 1755 2156 dem.

1001 2170 1159 2203 unteren
1181 2167 1335 2203 Mosien.

1049 2214 1191 2251 52.1.
1237 2217 1411 2251 commota
1457 2214 1745 2261 ‚,“,erschsittert

1003 2262 1072 2297 dur
1055 2261 1120 2297 *ch
1145 2261 1204 2308 Sej
1209 2272 1267 2298 an.

1050 2313 1083 2344 2.
1108 2310 1250 2346 sobrini
1267 2307 1350 2344 sind
1361 2308 1420 2344 die
1431 2308 1571 2343 Kinder
1584 2308 1650 2344 der
1658 2318 1743 2345 con—

1001 2357 1161 2402 sobrini,
1166 2355 1596 2401 ,Geschwisterkinder‘.
1576 2357 1586 2376 ⁴
1610 2354 1746 2402 Agrip-

1002 2404 1092 2450 pina
1115 2384 1174 2439 ist
1191 2403 1252 2440 die
1270 2402 1432 2440 Eukelin
1455 2403 1520 2438 des
1540 2383 1743 2448 Adgustus,

1002 2416 1158 2487 Claudia
1190 2450 1353 2487 Pulchra
1387 2450 1447 2485 die
1482 2449 1643 2486 Enkelin
1679 2450 1746 2486 der

1002 2498 1169 2543 Octavia,
1177 2499 1243 2534 der
1251 2493 1460 2534 Schwester
1465 2497 1529 2532 des
1537 2498 1744 2542 Augustus,

999 2545 1157 2591 folglich
1176 2545 1258 2581 sind
1264 2544 1479 2599 Aprippina
1496 2543 1572 2579 und
1586 2542 1744 2580 Claudia

999 2593 1176 2629 sobrinae.
1226 2591 1295 2629 Die
1321 2591 1558 2628 Descendenz
1583 2590 1644 2635 ist
1669 2591 1741 2628 wie

999 2640 1052 2676 fol
1081 2642 1114 2675 t:

1082 2689 1236 2733 agustus
1479 2684 1637 2722 Octavia

1094 2782 1117 2818 J
1121 2735 1197 2817 tilia
1462 2777 1641 2815 Marcella

1046 2830 1255 2921 Agri'ppina
1386 2828 1555 2910 Claudia.¹
1566 2873 1741 2912 Pulchra.
