1794 3126
165 95 252 137 222
603 93 833 131 CORNELII
858 94 1019 130 TAOITI
1044 94 1304 132 ANNALIUM

117 215 137 245 5
164 217 262 246 cum
292 203 493 245 manibus
524 202 680 245 nesciis
711 202 980 258 fatiscerent,
1014 202 1243 246 turbarent
1273 217 1430 260 gnaros
1463 219 1512 248 ac
1545 220 1671 261 saepe
1702 221 1733 250 a

163 261 373 304 militibus
405 262 745 317 verberarentur,
776 262 849 317 qui
880 277 956 317 per
987 277 1145 305 euneos
1178 262 1367 319 stabant,
1396 277 1451 306 ne
1483 264 1596 320 quod
1621 266 1732 308 tem-

163 321 280 376 poris
313 323 579 363 momentum
610 321 750 376 inpari
782 320 967 364 clamore
999 323 1075 364 aut
1107 321 1280 364 silentio
1313 322 1434 378 segni
1463 323 1729 377 praeteriret.

164 380 358 422 constitit
393 380 619 435 plerosque
658 380 867 434 equitum,
907 379 1007 422 dum
1044 394 1122 436 per
1159 380 1382 436 angustias
1414 380 1557 424 aditus
1589 384 1634 424 et
1662 382 1731 425 in—

163 441 388 494 gruentem
420 438 738 481 multitudinem
769 439 999 494 enituntur,
1031 439 1229 495 obtritos,
1261 441 1305 481 et
1336 440 1456 494 alios,
1487 440 1589 482 dum
1614 440 1727 484 diem

94 509 136 540 10
161 499 417 553 noctemque
468 497 671 539 sedilibus
721 496 995 552 continuant,
1043 498 1195 540 morbo
1240 498 1452 541 exitiabili
1495 501 1734 555 correptos.
1790 541 1794 547 ⁴

162 557 320 611 quippe
359 556 529 612 gravior
566 556 707 597 inerat
744 558 902 610 metus,
943 556 979 598 si
1011 558 1253 611 spectaculo
1287 557 1541 612 defuissent,
1578 558 1730 610 multis¹

161 616 306 670 palam
345 617 387 656 et
424 614 620 669 pluribus
653 614 851 668 occultis,
888 616 937 656 ut
966 616 1142 658 nomina
1172 630 1222 658 ac
1252 616 1418 672 vultus,
1457 616 1730 660 alacritatem

160 673 468 728 tristitiamque
501 673 746 715 coeuntium
778 674 1084 716 scrutarentur.
1133 674 1246 716 unde
1276 675 1544 718 tenuioribus
1578 675 1734 724 statim

161 733 364 788 inrogata
401 731 631 787 supplicia,
669 731 893 774 adversum
931 732 1135 774 inlustres
1171 733 1488 776 dissimulatum
1520 734 1573 776 ad
1603 748 1735 789 prae·>

92 802 134 834 15
160 805 259 833 sens
292 793 336 833 et
365 805 466 833 mox
495 790 708 832 redditum
740 790 896 832 odium.
947 790 1226 847 ferebantque
1260 791 1586 848 Vespasianum,
1617 795 1726 836 tam-

48 852 53 858 ’
162 864 292 905 quam
324 864 475 892 somno
508 849 739 904 coniveret,
771 864 795 891 a
826 849 1001 892 Phoebo
1033 850 1194 892 liberto
1223 851 1481 906 increpitum
1512 865 1726 908 aegreque

160 909 387 951 meliorum
413 909 611 963 precibus
632 909 862 963 obtectum,
887 923 986 951 mox
1006 908 1291 952 inminentem
1310 910 1545 965 perniciem
1564 911 1734 954 maiore

157 967 249 1010 fato
282 968 494 1023 effugisse.

118 1028 144 1070 6
278 1026 384 1069 Post
414 1027 544 1068 finem
575 1026 728 1068 ludicri
758 1026 961 1081 Poppaea
992 1029 1175 1069 mortem
1209 1026 1334 1082 obiit,
1371 1026 1552 1069 fortuita
1583 1028 1729 1070 mariti

160 1085 400 1141 iracundia,
438 1100 463 1127 a
495 1099 578 1141 quo
611 1085 790 1141 gravida
821 1086 909 1127 ictu
943 1086 1072 1128 calcis
1105 1086 1275 1128 adflicta
1306 1087 1382 1128 est.
1444 1100 1582 1141 neque
1613 1086 1732 1129 enim

160 1158 373 1187 venenum
406 1144 676 1198 crediderim,
709 1144 905 1211 quamvis
938 1144 1111 1199 quidam
1144 1145 1375 1211 scriptores
1405 1145 1597 1200 tradant,
1628 1145 1729 1188 odio

160 1204 300 1259 magis
333 1218 462 1259 quam
494 1218 543 1245 ex
574 1203 676 1245 fide·
708 1203 865 1258 quippe
890 1203 1124 1246 liberorum
1151 1204 1325 1259 cupiens
1353 1205 1395 1245 et
1421 1204 1557 1246 amori
1581 1203 1731 1247 uxoris

111 1274 132 1306 5
159 1263 370 1305 obnoxius
410 1264 512 1305 erat.
575 1276 729 1317 corpus
765 1277 853 1304 non
895 1262 986 1318 igni
1018 1263 1247 1316 abolitum,
1286 1265 1335 1304 ut
1366 1262 1588 1305 Romanus
1619 1277 1729 1318 mos,

160 1322 234 1363 sed
277 1335 427 1377 regum
472 1323 746 1363 externorum
785 1321 1095 1364 consuetudine
1133 1321 1350 1363 differtum
1389 1321 1590 1364 odoribus
1629 1336 1729 1371 con-¹

158 1380 273 1422 ditur
321 1381 573 1436 tumuloque
622 1380 830 1422 Iuliorum
875 1380 1068 1422 infertur.
1143 1380 1294 1423 ductae
1337 1382 1485 1423 tamen
1527 1380 1729 1435 publicae

158 1440 405 1495 exsequiae,
445 1439 719 1495 laudavitque
753 1440 845 1494 ipse
878 1439 991 1495 apud
1022 1441 1165 1481 rostra
1196 1439 1381 1481 formam
1413 1440 1504 1482 eius
1536 1441 1580 1481 et
1611 1439 1728 1495 quod

158 1543 269 1579 bellis.
329 1543 405 1579 Das
445 1544 553 1578 Wort
590 1543 640 1579 ist
678 1542 904 1578 dichterisch

155 1590 233 1625 und
257 1590 549 1626 nachklassisch.

204 1642 236 1674 5.
262 1638 429 1681 fatiscere
453 1651 479 1673 s.
507 1650 549 1672 zu
578 1640 632 1681 14,
660 1641 715 1671 24.

978 1555 1052 1587 ser,
1084 1544 1193 1579 unter
1219 1542 1394 1579 Claudius
1420 1554 1497 1579 war
1522 1554 1562 1578 er
1586 1544 1726 1589 zeyatus

977 1571 1127 1636 legionis
1164 1590 1203 1626 in
1236 1590 1459 1626 Germanien
1493 1590 1569 1625 und
1599 1590 1723 1625 zeich-

976 1639 1061 1672 nete
1100 1637 1177 1673 sich
1209 1637 1248 1672 in
1278 1636 1496 1672 BrItannien
1527 1647 1604 1673 aus.
1654 1636 1722 1673 Ale

204 1689 236 1720 9.
263 1685 355 1720 eniti
378 1684 690 1729 ,‚hinaufsteigen,
717 1684 795 1719 sich
821 1684 903 1719 hin·
976 1684 1165 1730 Begleiter
1202 1684 1266 1720 des
1297 1684 1397 1720 Nero
1437 1684 1504 1719 auf
1531 1684 1596 1719 der
1626 1683 1724 1729 grie-

155 1711 410 1776 aufdrange1i“
449 1731 519 1767 wie
556 1731 618 1766 bei
657 1731 792 1767 Caesar
828 1731 904 1766 und
976 1731 1150 1766 chischen
1169 1731 1387 1767 Kunstreise
1412 1731 1500 1766 f‘allt
1524 1742 1565 1766 er
1588 1731 1628 1767 in
1646 1731 1722 1767 Un-

154 1777 292 1815 Livius.
344 1778 428 1824 Vgl.
464 1782 495 1822 1,
523 1782 566 1813 65
599 1779 720 1813 enisae
751 1779 905 1823 leyiones
976 1778 1116 1823 gnade‚
1147 1789 1228 1814 cum
1259 1781 1429 1814 cantante
1457 1789 1496 1814 eo
1521 1781 1587 1814 aut
1610 1779 1722 1814 disce·

974 1826 1071 1861 deret
1106 1826 1253 1870 saepius
1289 1829 1356 1861 aut
1385 1835 1560 1871 praesens
1593 1825 1723 1862 obdor—

974 1874 1134 1908 misceret
1159 1872 1273 1917 (Suet.
1294 1872 1406 1918 Vesp.
1433 1874 1480 1918 4),
1506 1872 1609 1908 ward
1634 1872 1726 1908 aber

974 1919 1062 1955 bald
1100 1919 1236 1955 darauf
1267 1920 1338 1955 mit
1373 1920 1457 1955 dem
1494 1919 1721 1955 Oberbefehl

975 1977 1095 2012 gegen
1120 1967 1180 2002 die
1199 1966 1322 2002 Juden
1346 1967 1505 2002 betraut.
1728 1978 1730 1981 ·

1025 2017 1077 2049 16.
1098 2011 1283 2049 'Phoebus
1314 2013 1407 2049 wird
1436 2025 1507 2049 nur
1536 2013 1617 2049 hier
1646 2024 1734 2050 von·

974 2061 1061 2096 Tac.
1088 2061 1267 2096 erwahnt.

1027 2112 1080 2143 17.
1106 2109 1241 2143 maiore
1263 2109 1361 2152 fato,
1387 2107 1469 2143 wei]
1498 2107 1598 2144 seine
1624 2107 1719 2144 Stel-

154 1826 196 1861 in
228 1829 365 1871 aperta.
419 1831 450 1870 1,
478 1829 522 1861 70
550 1826 592 1860 iri
616 1826 783 1861 editiora.
833 1824 903 1860 Mit

156 1872 241 1907 dem
266 1873 467 1908 Accusativ
493 1877 525 1917 2,
552 1875 608 1907 20.
634 1872 721 1908 hist.
750 1876 781 1916 1,
808 1875 863 1908 23.

204 1923 257 1956 10.
294 1920 528 1963 continuant,
560 1919 630 1955 wie
663 1918 705 1954 G.
732 1922 777 1954 22
809 1920 902 1955 diem

154 1970 359 2013 noctemque
395 1968 611 2003 continuare
642 1967 819 2012 potando.
857 1987 900 1992 —-

153 2015 366 2058 exitiabilis,
396 2014 508 2049 meist
532 2014 779 2058 unklassisch,
806 2014 901 2049 auch

154 2064 210 2106 15,
242 2065 300 2097 44.
338 2061 422 2097 hist.
457 2065 490 2106 2,
523 2065 578 2096 69.
629 2061 714 2106 Vgl.
740 2073 784 2096 zu
816 2072 900 2096 ann.

178 2137 257 2190 ’11.
288 2159 402 2191 metus
432 2157 465 2191 si
495 2168 564 2190 nur
587 2155 669 2191 hier
692 2155 768 2190 und
796 2159 826 2200 1,
855 2159 897 2190 11

152 2203 285 2248 quibus
327 2214 425 2239 anus
461 2207 590 2247 metus,
632 2204 667 2238 si
702 2203 901 2248 intelliyere

151 2251 368 2286 viderentur.

170 2316 172 2319 v
201 2301 256 2332 12.
294 2297 369 2332 Das
401 2297 550 2332 Adverb
582 2298 710 2342 palam
748 2297 799 2332 ist
829 2298 900 2332 mit

151 2344 270 2380 einem
298 2344 446 2379 Nomen
471 2343 717 2388 koordiniert,
743 2344 813 2379 wie
842 2348 895 2389 12,

154 2396 196 2426 13
217 2392 348 2437 palam
373 2411 417 2417 —-
438 2402 507 2436 per
526 2392 675 2427 occulta.
715 2395 745 2437 1,
765 2395 811 2426 49
830 2403 898 2436 pa-

155 2439 228 2474 lam
254 2459 298 2464 -
323 2439 366 2474 in
390 2439 543 2482 occulto,
568 2439 644 2473 und
670 2438 776 2474 oster.

202 2490 255 2522 15.
294 2487 516 2530 redditum,
520 2484 669 2530 ‚wieder
700 2486 897 2531 hervorge-

151 2533 250 2577 holt,
289 2514 652 2589 hervorbrec'hend‘ss
688 2533 727 2567 in
759 2532 899 2568 diesem

152 2580 265 2616 Sinne
289 2576 354 2615 iia.
383 2579 449 2626 εἰρ.
498 2580 615 2615 Dafur
641 2580 740 2616 steht
764 2580 897 2623 referre

153 2631 187 2671 1,
211 2631 267 2663 26.
294 2631 328 2672 4,
354 2631 386 2663 4.
415 2648 459 2653 ——
485 2626 693 2672 Vespasian
718 2627 810 2662 wird
835 2639 894 2662 zu-

151 2675 228 2710 erst
251 2679 284 2718 3,
306 2677 350 2709 55
377 2674 563 2709 erw'ahnt:
585 2675 810 2719 praecipuus
831 2675 894 2709 ad—

149 2722 268 2757 stricti
309 2723 418 2757 moris
461 2724 598 2757 auctor.
660 2721 711 2756 Er
752 2721 897 2756 kommt

151 2770 255 2803 sonst
290 2768 329 2803 in
367 2769 438 2803 den
469 2768 638 2803 Annalen
674 2767 781 2804 nicht
818 2779 894 2804 vor.

152 2815 268 2850 Unter
288 2815 460 2860 Caligula
485 2815 618 2861 spielte
644 2826 683 2850 er
708 2815 767 2850 die
788 2815 895 2851 Rolle

151 2862 250 2897 eines
271 2862 540 2899 Schmeichlers
566 2873 687 2911 gegen
713 2863 784 2898 den
806 2861 894 2896 Kai-

973 2155 1064 2201 lung
1101 2155 1153 2190 im
1184 2154 1313 2190 Orient
1350 2155 1410 2190 die
1442 2153 1618 2191 Vorstufe
1655 2166 1720 2190 zur

974 2202 1323 2248 Thronbesteigung
1347 2202 1459 2237 ward.

1019 2249 1057 2285 6.
1092 2254 1122 2284 1.
1155 2240 1256 2285 Uber
1286 2249 1463 2295 Poppaea
1492 2248 1568 2295 vgl.
1603 2251 1658 2295 14,
1685 2252 1717 2286 1.

973 2300 1028 2340 59,
1054 2300 1112 2332 60.

1024 2348 1056 2378 5.
1082 2344 1274 2387 abolitum,
1298 2343 1337 2378 in
1362 2343 1554 2379 ahnlicher
1577 2342 1719 2379 Beden-

970 2392 1064 2436 tung
1108 2395 1141 2434 2,
1179 2394 1224 2425 49
1265 2391 1369 2426 deum
1407 2391 1509 2426 aedes
1544 2392 1718 2426 vetustate

971 2441 1037 2473 aut
1060 2438 1141 2483 igni
1166 2438 1329 2474 abolitas.
1364 2437 1458 2473 Plin.
1485 2448 1542 2483 ep.
1565 2440 1597 2481 7,
1617 2439 1673 2480 19,
1694 2440 1715 2472 6

972 2485 1084 2520 libros
1109 2506 1155 2511 —
1180 2485 1342 2520 abolitos.
1393 2485 1441 2520 So
1466 2485 1588 2519 zuei-st
1611 2483 1717 2529 Virg.

971 2533 1013 2566 A.
1040 2536 1073 2577 4,
1100 2535 1168 2567 497
1195 2535 1436 2567 monumenta.

1019 2583 1050 2614 6.
1082 2578 1516 2624 differtus‚,angef1‘illt“,
1541 2577 1602 2613 bei
1627 2577 1716 2613 Tac.

968 2622 1034 2662 ἅπ.
1067 2625 1133 2671 sip.
1127 2654 1155 2670 .,
1189 2607 1281 2666 sehr:
1303 2591 1438 2670 selgten,
1470 2624 1566 2660 doch
1599 2624 1714 2660 sehon

968 2673 1030 2708 bei
1049 2672 1150 2708 Caes.
1176 2673 1209 2708 b.
1237 2685 1264 2709 c.
1293 2677 1326 2717 3,
1352 2677 1396 2708 32
1416 2671 1616 2717 provincia
1640 2671 1711 2715 dif-

967 2721 1064 2764 ferta
1080 2720 1287 2765 praefectis.

1017 2771 1047 2803 7.
1075 2768 1237 2803 tumulus
1257 2767 1442 2802 Iuliorum
1459 2764 1511 2800 ist
1529 2764 1596 2800 das
1616 2764 1714 2801 &fter

968 2815 1156 2850 erwahnte
1175 2813 1416 2857 Mausoleum,
1435 2811 1501 2847 das
1521 2812 1713 2858 Augustus

967 2861 1034 2897 auf
1055 2861 1140 2896 dem
1165 2860 1363 2896 Marsfelde
1389 2841 1542 2895 e’rbauet
1565 2859 1681 2897 hatte.
