1786 3120
205 113 289 156 126
641 114 868 150 CORNELII
892 113 1054 150 TACITI
1077 114 1339 151 ANNALIUM

203 222 399 265 ferendas
430 223 674 278 parentium
704 222 946 265 iracundias
977 225 1020 265 et
1049 222 1304 278 placandum
1330 224 1519 267 animum
1545 224 1759 284 dictitans,

202 296 285 337 quo
322 296 539 324 rumorem
574 281 934 325 reconciliationis
969 282 1156 324 efficeret
1188 282 1481 338 acciperetque
1512 261 1759 341 Agrippina

155 352 175 384 5
201 340 319 383 facili
349 341 606 383 feminarum
637 341 888 384 credulitate
919 341 973 383 ad
1004 341 1172 397 gaudia.
1230 341 1471 384 venientem
1502 342 1654 387 dehinc
1685 345 1762 389 ob-

201 400 295 443 vius
333 401 378 442 in
414 401 542 443 litora
579 398 699 454 (nam
730 399 862 442 Antio
895 398 1172 456 adventabat)
1211 401 1377 455 excepit
1413 415 1542 444 manu
1574 405 1617 445 et
1647 418 1760 447 com-

201 460 327 514 plexu
348 459 545 514 ducitque
564 458 738 501 Baulos.
782 459 825 500 id
851 458 981 500 villae
1005 473 1161 501 nomen
1188 462 1256 501 est
1281 473 1389 514 quae
1414 463 1760 515 promunturium

200 517 416 560 Misenum
447 518 562 560 inter
593 519 635 559 et
665 516 879 559 Baianum
909 518 1050 560 lacum
1080 518 1189 560 flexo
1222 519 1331 560 mari
1363 518 1560 562 adluitur.
1617 522 1765 566 stabat

201 577 314 619 inter
351 577 458 619 alias
495 577 618 619 navis
657 576 866 630 ornatior,
903 579 1123 631 tamquam
1153 577 1196 619 id
1229 591 1396 633 quoque
1426 577 1582 621 honori
1610 581 1762 625 matris

133 647 176 678 10
203 636 392 690 daretur;
426 635 583 690 quippe
615 636 811 677 sueverat
840 635 1005 677 triremi
1036 638 1079 677 et
1108 636 1423 679 classiariorum
1453 638 1635 694 remigio
1664 640 1763 684 vehi

204 708 253 736 ac
283 696 376 735 tum
406 694 591 736 invitata
621 694 675 735 ad
706 694 854 748 epulas
886 696 990 747 erat,
1020 696 1070 736 ut
1100 695 1351 738 occultando
1375 696 1556 739 facinori
1581 712 1668 741 nox
1691 700 1762 742 ad-

202 752 435 795 hiberetur.
500 752 605 794 satis
638 752 834 795 constitit
866 727 1058 795 extitisse
1090 754 1367 810 proditorem,
1403 757 1444 797 et
1473 755 1760 812 Agrippinam

204 812 362 854 auditis
393 811 574 867 insidiis,
606 826 662 853 an
693 811 882 854 crederet
912 812 1172 867 ambiguam,
1203 814 1440 868 gestamine
1473 815 1601 858 sellae
1629 816 1760 860 Baias

200 873 457 926 pervectam.
518 871 580 913 ibi
610 870 950 913 blandimentum
983 871 1224 913 sublevavit
1257 874 1436 915 1118111111·
1474 875 1654 918 comiter
1690 890 1760 919 ex-

131 942 171 973 15
201 932 325 985 cepta
376 944 586 986 superque
632 930 775 985 ipsum
818 930 1039 972 collocata.
1110 930 1197 972 iam
1239 931 1434 985 pluribus
1478 934 1761 1003 sermonibus,

197 989 325 1031 modo
351 989 646 1031 familiaritate
671 989 847 1031 iuvenili
870 988 987 1032 Nero
1014 991 1057 1031 et
1081 1004 1228 1031 rursus
1254 989 1474 1047 adductus,
1498 993 1620 1047 quasi
1646 994 1761 1037 seria

197 1049 483 1103 consociaret,
513 1050 653 1090 tracto
684 1048 730 1090 in
759 1048 940 1104 longum
971 1048 1187 1103 convictu,
1217 1049 1491 1105 prosequitur
1520 1051 1760 1108 abeuntem,

198 1107 333 1150 artius
366 1107 498 1150 oculis
530 1109 573 1149 et
602 1107 767 1162 pectori
792 1107 986 1162 haerens,
1017 1107 1106 1150 sive
1132 1108 1342 1163 explenda
1367 1109 1652 1166 simulatione,
1682 1125 1759 1155 seu

195 1167 413 1221 periturae
450 1167 600 1209 matris
638 1181 861 1222 supremus
905 1168 1104 1222 aspectus
1149 1167 1344 1222 quamvis
1386 1167 1525 1211 ferum
1569 1169 1759 1214 animum

126 1237 170 1269 20
195 1226 423 1268 retinebat.

156 1286 183 1328 5
316 1284 499 1327 Noctem
531 1285 740 1327 sideribus
773 1285 998 1327 inlustrem
1026 1286 1069 1326 et
1094 1284 1260 1339 placido
1286 1285 1396 1327 mari
1421 1286 1611 1340 quietam
1635 1289 1759 1343 quasi

197 1344 533 1386 convincendum
571 1344 625 1386 ad
663 1344 799 1386 scelus
834 1343 877 1386 di
907 1344 1152 1398 praebuere.
1212 1358 1291 1387 nec
1321 1344 1506 1387 multum
1536 1348 1628 1389 erat
1657 1362 1754 1416 pro-

196 1415 345 1458 gressa
374 1403 510 1458 navis,
545 1403 709 1445 duobus
742 1418 765 1445 e
794 1417 973 1445 numero
1003 1402 1280 1445 familiarium
1314 1402 1598 1459 Agrippinam
1628 1406 1758 1449 comi-

194 1462 406 1517 tantibus,
443 1476 494 1504 ex
532 1462 626 1517 quis
659 1461 907 1517 Crepereius
940 1461 1089 1504 Gallus
1125 1462 1241 1504 haud
1274 1463 1423 1517 procul
1455 1464 1755 1518 gubernaculis

149 1532 169 1563 5
196 1521 408 1575 adstabat,
432 1520 668 1563 Acerronia
687 1535 815 1576 super
836 1520 965 1576 pedes
991 1520 1226 1563 cubitantis
1251 1522 1424 1563 reclinis
1449 1523 1756 1576 paenitentiam

195 1579 272 1621 filii
310 1582 353 1622 et
390 1580 672 1647 reciperatam
709 1580 862 1622 matris
901 1580 1086 1635 gratiam
1123 1594 1200 1634 per
1237 1580 1441 1635 gaudium
1479 1582 1756 1638 memorabat,

118 1672 123 1677 .
194 1653 291 1681 cum
330 1638 430 1681 dato
466 1639 588 1695 signo
619 1653 742 1681 ruere
772 1641 935 1681 tectum
965 1638 1050 1680 loci
1081 1639 1215 1680 multo
1245 1639 1423 1693 plumbo
1455 1653 1601 1695 grave3
1637 1656 1754 1697 pres-

195 1711 351 1753 susque
394 1696 645 1752 Crepereius
692 1700 735 1740 et
778 1698 923 1740 statim
968 1697 1235 1739 exanimatus
1279 1699 1356 1740 est.
1427 1696 1671 1754 Agrippina
1712 1703 1758 1743 et

193 1755 428 1799 Acerronia
471 1756 757 1799 eminentibus
802 1756 903 1799 lecti
945 1756 1181 1811 parietibus
1225 1770 1275 1798 ac
1313 1756 1426 1798 forte
1462 1757 1755 1815 validioribus,

241 1853 273 1883 3.
317 1849 392 1884 Der
427 1849 555 1884 Plural
594 1850 813 1885 iracundiae
852 1848 935 1894 (wie
1008 1848 1093 1883 ken
1133 1867 1176 1874 —
1217 1848 1397 1884 adductus
1433 1850 1594 1894 „‘ernst‘,
1637 1850 1755 1888 etwas

192 1897 271 1932 irae
297 1899 328 1941 1,
356 1898 416 1941 55)
445 1897 547 1932 steht
571 1896 685 1932 sehon
710 1896 771 1932 bei
797 1895 935 1932 Cicero.
1013 1895 1145 1930 andere
1170 1895 1225 1930 als
1254 1899 1309 1940 12,
1331 1900 1350 1931 7
1376 1876 1574 1933 adductum
1597 1900 1631 1934 et
1647 1900 1755 1944 quasi

194 1943 228 1979 S.
239 1943 350 2025 8Einl.
379 1946 409 1986 ἓ.
433 1947 462 1979 1
1013 1943 1119 1978 virile
1142 1943 1338 1978 servitium.

1057 1994 1110 2025 17.
1142 1991 1185 2025 in
1209 1990 1365 2036 lonyum.
1414 1990 1498 2036 Vgl.
1528 1995 1564 2036 1,
1591 1995 1636 2027 69
1661 1992 1749 2029 odia

1006 2037 1049 2072 in
1072 2038 1218 2083 lonyum
1236 2038 1383 2073 iaciens.
1422 2042 1455 2082 3,
1475 2041 1520 2073 27
1540 2039 1654 2078 otium
1670 2040 1751 2076 ciue

1006 2085 1060 2120 rei
1090 2085 1190 2120 haud
1220 2085 1262 2120 in
1293 2085 1438 2130 lonyum
1466 2086 1636 2130 paravit,
1671 2086 1748 2123 und

1008 2131 1047 2166 in
1072 2131 1144 2177 den
1165 2131 1365 2168 Historien.
1409 2133 1540 2168 Zuerst
1563 2132 1626 2169 bei
1643 2132 1748 2179 Virg.

1009 2178 1126 2224 eclog.
1135 2182 1168 2224 9,
1178 2182 1239 2221 563
1255 2179 1411 2214 dannim
1419 2145 1752 2218 silbernenIaatein.

1057 2229 1112 2262 18.
1157 2206 1335 2271 explenda
1377 2227 1608 2263 simulatione
1650 2226 1750 2273 („in-

313 1981 413 2026 Uber
444 1990 502 2026 die
535 1991 706 2036 Stellung
737 2001 810 2027 von
840 1991 937 2026 inter

193 2050 219 2073 s.
245 2037 342 2072 Ε1111.
370 2041 399 2080 ἓ.
426 2042 511 2081 116,
531 2038 566 2074 b.
594 2058 638 2064 -—
663 2038 748 2073 1)81·
762 2038 937 2073 Baianus

193 2086 295 2120 lacus
319 2085 370 2120 ist
396 2066 562 2121 derselbe
588 2085 658 2120 wie
678 2086 743 2120 der
763 2085 833 2120 mit
850 2085 935 2120 dem

193 2132 295 2168 Meer
313 2132 550 2168 verbundene
564 2132 754 2168 Lucrinus
769 2132 809 2167 in
821 2132 890 2178 ΚΡ.
903 2135 935 2167 5.

242 2183 296 2215 10.
329 2183 509 2223 sueverat,
541 2179 707 2225 Simplex
735 2191 802 2225 pro
830 2178 936 2215 Com-

192 2226 324 2272 posito.
369 2227 453 2272 Vgl.
480 2239 524 2262 zu
549 2231 588 2272 2,
613 2231 670 2264 44.

241 2277 296 2309 11.
329 2274 498 2309 adhibere
527 2273 597 2309 mit
625 2274 709 2309 dem
733 2273 846 2309 Dativ
872 2274 936 2310 des

193 2319 463 2356 Gerundivums
488 2322 585 2357 auch
611 2322 710 2356 Suet.
732 2321 804 2357 Tit.
826 2324 847 2356 8
869 2332 936 2357 me-

191 2369 330 2404 dendae
354 2369 554 2404 valitudini
579 2369 822 2414 leniendisque
844 2379 937 2404 mor·

194 2416 249 2451 bis
279 2416 423 2451 nullam
451 2436 495 2442 —
521 2426 621 2461 opem
651 2427 726 2452 non
757 2416 934 2452 adhibuit.

208 2493 213 2496 .
240 2467 294 2498 13.
326 2464 522 2508 gestamine
545 2464 651 2499 sellae
676 2463 775 2498 auch
802 2466 858 2507 15,
878 2466 934 2498 57.

190 2509 308 2545 Dafiir
333 2511 419 2555 sagt
442 2510 595 2546 Sueton:
621 2511 818 2556 qestatoria
836 2511 934 2546 sella.

232 2561 294 2593 -16,
320 2558 399 2604 Apf
413 2558 516 2593 modo
536 2558 633 2604 folgt
652 2562 685 2594 et
699 2568 830 2593 rursus
843 2558 936 2593 statt

188 2605 304 2640 modo.
348 2603 510 2640 Ahnlich
534 2604 585 2640 ist
609 2605 694 2640 hist.
716 2609 748 2649 3,
769 2609 813 2639 22
828 2615 934 2650 proe-

191 2652 282 2686 lium
308 2672 352 2677 —
377 2653 451 2695 his,
483 2663 613 2688 rursus
636 2653 712 2688 illis
737 2652 933 2688 exitiabile.

190 2699 320 2734 Zuerst
345 2698 407 2734 bei
431 2698 539 2744 Prop.
569 2704 600 2744 1,
626 2703 658 2744 3,
685 2703 729 2735 41
757 2700 860 2735 modo
886 2719 930 2724 —

189 2756 319 2781 rursus
350 2749 400 2790 et,
438 2746 536 2782 daun
565 2759 634 2781 nur
665 2746 833 2791 Tacitus,
868 2746 934 2781 der

190 2793 257 2827 auf
290 2794 393 2829 modo
430 2794 525 2829 auch
563 2794 780 2839 aliquando,
822 2804 933 2836 nunc,

189 2840 337 2883 saepius
362 2841 486 2886 folgen
506 2840 604 2884 l'al'st,
631 2841 722 2876 alles
743 2841 821 2876 dies
844 2841 933 2876 aber

190 2887 266 2921 erst
297 2886 335 2921 in
361 2887 432 2923 den
456 2887 590 2924 beiden
615 2887 804 2934 grosseren
828 2888 932 2923 Wer-

1009 2273 1104 2308 dem‘
1108 2274 1145 2318 ⁶.)
1204 2273 1279 2309 Der
1313 2273 1465 2310 Ablativ
1507 2274 1558 2309 ist
1597 2273 1748 2310 ahnlich

1008 2320 1079 2356 wie
1092 2321 1298 2357 ulciscenda
1306 2321 1516 2357 Germanici
1527 2323 1680 2367 mortes,
1691 2325 1748 2358 19

1054 2415 1092 2450 5.
1137 2418 1169 2450 5.
1206 2405 1306 2451 Uber
1342 2415 1413 2450 den
1444 2414 1636 2451 Gebrauch
1675 2422 1748 2452 von

1006 2462 1153 2498 reclinis
1177 2474 1203 2497 s.
1230 2475 1274 2497 zu
1302 2466 1363 2507 13,
1391 2466 1445 2498 16.

1056 2513 1086 2545 7.
1113 2520 1193 2545 cum
1218 2509 1289 2545 mit
1313 2510 1398 2545 dem
1421 2508 1666 2544 historischen
1687 2509 1748 2545 In-

1006 2556 1138 2592 finitiv.
1183 2556 1218 2592 S.
1244 2557 1341 2593 Einl.
1367 2560 1397 2599 ξ.
1418 2559 1473 2591 92.
1491 2575 1539 2582 -
1556 2555 1631 2591 Das
1657 2555 1744 2592 Ein—

1007 2605 1152 2639 stsirzen
1171 2604 1236 2639 des
1254 2603 1474 2639 Baldachins
1492 2602 1543 2638 ist
1561 2604 1744 2648 angeord-

1005 2652 1087 2695 net,
1119 2662 1181 2686 um
1212 2651 1273 2686 fiir
1297 2651 1368 2686 (1811
1389 2649 1471 2686 Fall
1496 2649 1561 2684 der
1584 2649 1748 2686 Meet-es-

1005 2697 1106 2733 stille
1144 2697 1204 2734 die
1239 2697 1476 2742 verdachtige
1506 2696 1582 2731 und
1613 2697 1747 2734 immet

1006 2744 1222 2791 schwierige
1241 2744 1483 2789 Versenkung
1502 2743 1567 2779 des
1588 2743 1744 2782 Schiffea

1004 2792 1238 2828 unterlassen
1261 2804 1305 2827 zu
1330 2791 1485 2826 konnen.

1052 2843 1083 2875 9.
1112 2840 1270 2884 parietes
1299 2837 1381 2873 sind
1412 2837 1472 2874 die
1496 2837 1647 2875 Lehnen
1678 2839 1745 2875 des

1003 2886 1241 2922 Ruhebettes.
