1794 3126
122 394 274 490 *9tur:
320 449 370 490 de
407 448 573 504 Lepida
610 448 770 491 Caesar
813 451 1034 492 statueret.

118 1161 172 1202 10

186 104 275 146 224

617 105 847 142 CORNELII
872 105 1035 142 TACITI
1060 105 1324 142 ANNALIUM

187 214 407 255 senatores
439 215 482 255 et
507 212 764 268 Calpurnius
789 213 981 256 Fabatus
1007 228 1135 269 eques
1160 213 1399 270 Romanus;
1431 215 1504 271 qui
1530 215 1749 271 appellato

118 286 160 318 10
186 272 380 327 principe
417 272 649 314 instantem
681 273 1001 316 damnationem
1031 273 1223 328 frustati,
1260 288 1359 315 mox
1388 272 1606 317 Neronem
1637 275 1750 319 circa

188 345 355 373 summa
387 332 546 374 scelera
577 331 812 373 distentum
844 332 967 387 quasi
998 332 1184 374 minores
1217 346 1400 375 evasere.

306 389 427 432 Tunc
465 391 661 433 consulto
702 393 876 433 senatus
908 389 1057 433 Cassio
1095 392 1138 432 et
1170 389 1315 433 Silano
1354 391 1482 433 exilia
1519 391 1748 435 decernun-

1102 449 1436 505 deportatusque
1478 450 1525 492 in
1563 450 1749 494 insulam

188 506 432 549 Sardiniam
472 506 665 561 Cassius,
710 510 752 549 et
796 511 991 550 senectus
1032 508 1122 550 eius
1161 510 1505 564 exspectabatur.
1566 508 1750 567 Silanus,

185 570 408 621 tamquam
436 565 610 608 Naxum
641 566 933 621 deveheretur,
964 566 1132 609 Ostiam
1164 570 1350 622 amotus,
1383 570 1484 623 post
1514 568 1747 624 municipio

137 643 159 672 5
186 625 382 680 Apuliae,
414 625 481 667 cui
509 639 670 667 nomen
694 624 873 667 Barium
899 627 976 680 est,
1008 626 1231 668 clauditur.
1281 626 1372 669 illic
1398 627 1748 682 indignissimum

186 698 333 725 casum
365 684 584 739 sapienter
613 684 825 739 tolerans,
864 699 889 725 a
923 685 1170 726 centurione
1202 685 1255 727 ad
1288 685 1460 727 caedem
1491 686 1624 728 misso
1657 700 1748 730 cor-

185 743 356 798 ripitur,
395 742 678 798 suadentique
715 757 847 785 venas
886 743 1157 798 abrumpere,
1195 743 1384 786 animum
1417 744 1588 800 quidem
1619 745 1750 788 morti

187 801 450 843 destinatum
478 802 552 857 ait,
579 802 653 844 sed
679 816 769 844 non
793 802 1013 844 remittere
1037 803 1277 857 percussori
1304 803 1486 858 gloriam
1511 803 1748 847 ministerii.

186 862 231 902 at
256 861 448 903 centurio
476 860 671 916 quamvis
701 861 919 915 inermem,
944 860 1236 915 praevalidum
1262 863 1408 903 tamen
1434 864 1478 904 et
1502 862 1592 904 irae
1618 877 1748 918 quam

118 936 159 967 10
185 919 333 961 timori
363 920 608 975 propiorem
642 934 817 962 cernens
849 920 985 975 premi
1017 935 1042 961 a
1073 919 1283 961 militibus
1314 920 1446 963 iubet.
1493 935 1572 964 nec
1604 921 1752 964 omisit

186 976 357 1020 Silanus
407 979 546 1021 obniti
596 980 640 1020 et
669 979 888 1021 intendere
936 979 1066 1034 ictus,
1118 981 1327 1035 quantum
1375 979 1576 1022 manibus
1623 980 1752 1023 nudis

185 1037 377 1092 valebat,
416 1038 550 1080 donec
588 1053 614 1080 a
652 1038 901 1080 centurione
939 1038 1190 1080 vulneribus
1229 1037 1418 1080 adversis
1456 1040 1676 1094 tamquam
1706 1040 1753 1081 in

185 1109 332 1152 pugna
364 1097 545 1139 caderet.

304 1155 431 1198 Haud
470 1157 609 1198 minus
646 1158 845 1212 prompte
882 1155 929 1198 L.
960 1155 1096 1198 Vetus
1135 1170 1365 1211 socrusque
1404 1156 1494 1198 eius
1527 1154 1673 1198 Sextia
1710 1158 1754 1199 et

186 1213 367 1256 Pollitta
402 1215 494 1256 filia
530 1229 678 1257 necem
716 1215 902 1270 subiere,
939 1214 1067 1257 invisi
1105 1214 1289 1270 principi
1319 1217 1540 1270 tamquam
1571 1214 1751 1258 vivendo

186 1273 497 1327 exprobrarent
539 1274 816 1316 interfectum
859 1288 952 1316 esse
996 1273 1239 1316 Rubellium
1283 1273 1504 1328 Plautum,
1548 1287 1753 1329 generum

185 1331 230 1374 L.
270 1331 452 1375 Veteris.

515 1333 588 1375 sed
631 1333 803 1377 initium
847 1333 1116 1389 detegendae
1146 1332 1349 1375 saevitiae
1385 1333 1585 1388 praebuit
1622 1333 1752 1375 inter-

138 1408 159 1438 5
186 1391 321 1434 versis
359 1392 531 1447 patroni
568 1392 695 1434 rebus
728 1392 781 1434 ad
814 1391 1101 1434 accusandum
1131 1392 1457 1447 transgrediens
1487 1391 1752 1434 Fortunatus

186 1450 387 1506 libertus,
425 1451 590 1494 adscito
622 1449 802 1494 Claudio
833 1451 1064 1506 Demiano,
1103 1465 1229 1506 quem
1268 1451 1322 1493 ob
1359 1451 1525 1507 flagitia
1562 1451 1754 1494 vinctum

186 1524 211 1550 a
242 1509 402 1552 Vetere
434 1510 565 1553 Asiae
602 1525 680 1566 pro
718 1511 893 1553 consule
926 1511 1109 1552 exsolvit
1139 1509 1255 1552 Nero
1288 1510 1333 1551 in
1363 1510 1603 1565 praemium
1634 1523 1753 1552 accu-

187 1568 380 1611 sationis.
431 1569 544 1624 quod
575 1569 650 1611 ubi
681 1570 906 1625 cognitum
935 1583 1021 1624 reo,
1054 1583 1183 1624 seque
1216 1571 1259 1610 et
1288 1569 1491 1611 libertum
1515 1568 1610 1623 pari
1635 1570 1752 1611 sorte

116 1702 159 1734 10

185 1627 404 1683 componi,
447 1627 699 1670 Formianos
743 1629 786 1670 in
832 1642 960 1684 agros
1005 1627 1256 1683 digreditur.

1323 1627 1411 1669 illic
1456 1641 1552 1669 eum
1591 1627 1751 1669 milites

186 1686 355 1728 occulta
387 1686 583 1729 custodia
615 1686 890 1729 circumdant.
942 1687 1090 1728 aderat
1120 1686 1220 1740 filia,
1252 1700 1379 1740 super
1409 1686 1617 1742 ingruens
1641 1686 1751 1741 peri-

232 1842 264 1873 9.
285 1837 506 1883 Calpurnius
519 1849 597 1873 war
609 1847 781 1883 prosocer
794 1836 931 1883 (Gross-

183 1886 289 1920 vater
321 1884 387 1920 der
410 1884 523 1930 Frau)
555 1885 620 1920 des
648 1885 831 1931 jt'ingeren
855 1883 931 1920 Pli-

183 1932 277 1976 nius,
303 1943 376 1967 von
402 1932 488 1967 dem
512 1932 608 1968 noch
633 1931 713 1968 vier
735 1931 858 1967 Briefe
884 1943 932 1967 an

184 1978 251 2014 ihn
275 1979 491 2015 vorhanden
517 1978 610 2015 sind.

234 2030 289 2062 10.
316 2019 416 2062 Uber
441 2028 541 2062 eirea
567 2039 593 2062 s.
620 2026 716 2062 Einl.
744 2030 775 2069 ξ.
802 2029 858 2062 52.

231 2120 269 2156 9.
306 2125 336 2156 1.
363 2122 524 2157 consulto
548 2125 706 2157 senatus.
756 2121 930 2156 Dieselbe

185 2167 358 2213 Stellung
371 2168 468 2204 noch
484 2172 540 2213 11,
554 2172 599 2204 35
613 2169 689 2203 und
708 2166 771 2204 bei
789 2168 931 2205 Florus.

233 2219 265 2250 3.
299 2215 526 2251 Sardiniam.
576 2215 659 2250 Von
691 2215 776 2251 dort
800 2215 931 2251 kehrte

184 2272 224 2296 er
257 2262 374 2297 sehon
405 2264 514 2298 unter
544 2262 751 2308 Vespasian
783 2263 931 2298 zurfick.

185 2328 230 2334 -
255 2313 416 2345 senectus
444 2311 741 2355 exspectabatar;
773 2310 847 2354 vgl.
877 2313 932 2354 11,

184 2359 230 2391 26
267 2358 402 2403 quippe
438 2368 513 2392 non
543 2367 582 2392 eo
611 2360 772 2400 ventam,
810 2360 853 2392 at
881 2367 932 2393 se-

183 2406 324 2444 nectam
343 2405 530 2449 principis
554 2405 817 2450 opperirentur.

234 2455 266 2486 5.
303 2450 457 2487 Barium
495 2451 588 2497 liegt
624 2463 672 2487 an
706 2451 772 2486 der
802 2451 932 2496 Kiiste‚

185 2498 322 2533 &stlich
346 2510 419 2534 von
446 2498 655 2535 Canusium.

234 2550 264 2581 7.
290 2547 443 2581 suadere
468 2545 537 2580 mit
557 2546 642 2581 dem
661 2545 835 2589 Infinitiv,
862 2545 932 2580 wie

186 2595 242 2637 15,
270 2596 313 2628 63
339 2593 417 2628 und.
442 2592 549 2628 oster.
601 2592 635 2628 S.
662 2605 706 2628 zu
734 2596 787 2637 13,
815 2596 870 2628 37.

232 2643 264 2675 8.
291 2641 467 2676 remittere
492 2641 555 2676 ott.
575 2640 626 2675 ist
643 2640 778 2675 bittere
798 2639 930 2674 Ironie.

233 2690 287 2722 10.
314 2698 476 2731 premere
502 2687 728 2731 „festhalten
753 2686 829 2721 und
853 2686 930 2722 nie-

184 2733 450 2769 derdrficken“.

234 2784 287 2815 11.
313 2782 431 2817 obniti
448 2782 499 2817 ist
519 2780 590 2817 seit
608 2780 729 2826 Virgil
750 2780 931 2826 poetisch,

185 2829 262 2862 erst
299 2828 371 2863 seit
402 2828 528 2864 Livius
561 2828 600 2863 in
632 2829 699 2864 der
729 2828 853 2864 Prosa.
887 2848 931 2853 —

182 2875 306 2910 nudus
338 2875 634 2921 „unbewaffnet“
665 2875 734 2911 wie
765 2875 843 2911 Liv.
875 2878 930 2920 28,

1004 1842 1025 1872 3
1051 1838 1267 1882 dextrasque
1284 1838 1405 1873 nudas
1422 1840 1674 1885 ostentantem„
1710 1840 1753 1873 at

1002 1885 1146 1931 yladios
1183 1885 1351 1921 abiecisse
1391 1887 1592 1930 appareret.
1648 1883 1753 1920 Ahn-

1004 1931 1079 1967 lieh
1110 1932 1225 1967 sehon
1249 1931 1310 1967 bei
1329 1931 1403 1969 Cic.
1430 1932 1476 1967 ad
1501 1931 1589 1966 fam.
1610 1935 1667 1978 10,
1695 1934 1756 1978 11,

1003 1979 1065 2014 bei
1091 1979 1233 2014 Sallust
1256 1978 1333 2014 und
1359 1977 1636 2025 Quadrigarius.

1053 2073 1116 2109 10.
1157 2077 1187 2108 1.
1220 2062 1321 2109 Uber
1345 2072 1385 2108 L.
1411 2071 1596 2108 Antistius
1621 2072 1753 2119 Vetus,

1004 2120 1070 2155 der
1093 2120 1145 2155 im
1171 2119 1204 2155 J.
1231 2123 1276 2156 55
1301 2119 1372 2155 mit
1395 2120 1496 2156 Nero
1521 2119 1664 2156 Konsul
1688 2129 1753 2165 ge-

1004 2177 1128 2203 wesen
1154 2178 1247 2211 war,
1275 2179 1302 2202 s.
1330 2179 1374 2202 zu
1401 2171 1455 2211 13,
1484 2170 1537 2202 11.

1052 2230 1084 2262 3.
1111 2225 1305 2262 Rubellius
1330 2237 1407 2262 war
1432 2226 1486 2261 im
1510 2225 1544 2262 J.
1566 2229 1610 2262 62
1637 2225 1754 2262 durch

1005 2273 1113 2309 einen
1149 2285 1223 2309 von
1260 2273 1358 2309 Nero
1398 2273 1624 2309 entsandten
1660 2272 1753 2310 Cen-

1004 2320 1102 2356 turio
1127 2321 1284 2366 getotet.
1331 2324 1386 2365 14,
1412 2323 1467 2357 59.

1053 2384 1086 2414 4.
1147 2380 1376 2415 intervertere
1430 2378 1750 2425 „unterschlagem

1005 2427 1305 2472 durchbringen“
1342 2426 1405 2462 bei
1442 2426 1527 2462 Tac.
1565 2437 1635 2461 nur
1669 2424 1752 2460 hier

1004 2474 1081 2508 und
1106 2473 1192 2509 hist.
1218 2478 1252 2516 2,
1279 2478 1334 2510 95.
1380 2474 1502 2509 Schon
1526 2473 1587 2509 bei
1611 2471 1748 2508 Cicero.

1055 2537 1085 2568 7.
1101 2543 1174 2577 pro
1194 2533 1348 2568 consule.
1382 2531 1471 2567 Dies
1490 2542 1568 2567 war
1579 2542 1619 2566 er
1632 2531 1752 2566 wahr-

1006 2579 1211 2615 seheinlieh
1248 2579 1300 2613 im
1337 2580 1492 2625 vorigen
1527 2578 1640 2614 Jahre
1677 2579 1752 2623 (64)

1005 2637 1185 2672 gewesen.

1053 2683 1085 2714 8.
1113 2670 1213 2715 Uber
1236 2690 1339 2725 seque
1364 2682 1396 2715 et
1420 2690 1447 2715 s.
1466 2677 1561 2713 Einl.
1587 2681 1618 2720 ξ.
1639 2680 1697 2722 65,
1717 2677 1751 2714 b.

1006 2725 1754 2809 -²⁰3?rraffrssreafssaeffefflffl

1005 2785 1086 2862 wei.
1116 2786 1287 2862 Filossmiae
1312 2826 1376 2872 lag
1402 2836 1449 2860 an
1469 2783 1534 2861 ᾱῖι
1558 2799 1675 2861 xriste
1699 2825 1753 2860 im

1005 2873 1201 2910 stidlichen
1226 2872 1388 2909 Latium.
