1794 3126
87 1190 142 1232 72

156 79 244 122 216

587 82 818 119 CORNELII
842 83 1005 121 TACITI
1030 85 1290 122 ANNALIUM

154 187 292 243 tialis,
327 187 501 232 Flavius
532 190 698 247 Nepos,
737 190 902 235 Statius
934 192 1170 248 Domitius,
1208 195 1328 250 quasi
1359 196 1597 252 principem
1627 212 1720 245 non

157 246 328 301 quidem
360 247 564 305 odissent,
595 251 669 292 sed
699 253 847 293 tamen
878 251 1235 296 existimarentur.
1284 253 1424 297 Novio
1457 253 1604 298 Prisco
1638 271 1725 312 per<

157 305 391 348 amicitiam
424 305 629 364 Senecae,
666 311 709 352 et
746 309 878 352 Glitio
917 309 1043 362 Gallo
1084 314 1213 367 atque
1250 311 1395 355 Annio
1427 313 1615 357 Pollioni
1651 316 1717 358 in-

156 363 329 407 famatis
367 367 507 422 magis
553 382 681 422 quam
718 369 923 411 convictis
968 369 1071 412 data
1108 370 1247 413 exilia.
1309 370 1503 414 Priscum
1539 372 1718 417 Artoria

87 434 130 466 15
155 421 363 466 Flaccilla
413 426 566 468 coniux
616 427 824 469 comitata
872 430 955 483 est,
1005 428 1178 471 Gallum
1227 429 1418 486 Egnatia
1463 430 1725 488 Maximilla,.

155 483 326 538 magnis
351 484 538 538 primum
564 488 607 527 et
632 485 812 541 integris
838 487 1004 542 opibus,
1028 491 1128 542 post
1153 488 1377 544 ademptis,
1402 503 1510 545 quae
1535 492 1720 546 utraque

156 541 340 596 gloriam
378 543 468 584 eius
508 558 675 586 auxere.
736 545 911 599 pellitur
947 548 990 588 et
1020 546 1196 589 Rufrius
1230 546 1453 603 Crispinus
1492 549 1725 593 occasione

155 600 484 656 coniurationis,
522 603 596 643 sed
633 602 796 645 Neroni
833 603 1015 659 invisus,
1058 606 1171 660 quod
1207 606 1454 662 Poppaeam
1499 608 1716 663 quondam

156 658 431 701 matrimonio
462 662 671 703 tenuerat.
714 661 972 718 Verginium
1001 663 1184 706 Flavum
1216 669 1254 707 et
1281 664 1525 708 Musonium
1556 666 1727 710 Rufum.

84 728 130 761 20
157 716 368 759 claritudo
399 719 586 761 nominis
618 720 800 775 expulit:
831 736 934 763 nam
959 720 1192 777 Verginius
1224 724 1366 766 studia
1396 725 1600 767 iuvenum
1631 726 1723 769 elo*

155 776 349 831 quentia,
392 776 616 821 Musonius
659 781 900 834 praeceptis
939 780 1177 835 sapientiae
1214 782 1400 825 fovebat.
1463 783 1718 828 Cluvidieno

156 833 323 889 Quieto,
353 834 465 878 Iulio
499 837 732 893 Agrippae,
763 838 896 881 Blitio
930 838 1142 895 Catulino,
1174 839 1375 884 Petronio
1405 841 1573 898 Prisco,
1602 842 1716 886 Iulio

155 891 327 948 Altino,
371 896 489 938 velut
532 897 578 938 in
615 911 773 953 agmen
811 900 854 940 et
889 913 1131 953 numerum,
1174 899 1339 955 Aegaei
1376 901 1506 943 maris
1548 902 1725 945 insulae
1782 938 1785 944 .

154 953 475 1007 permittuntur.
531 958 577 997 at
609 955 806 999 Caedicia
842 972 949 999 uxor
981 957 1177 1000 Scaevini
1216 962 1258 1000 et
1289 958 1551 1002 Caesennius
1581 960 1718 1003 Maxi-

85 1022 129 1055 25
154 1026 251 1053 mus
282 1011 413 1054 Italia
449 1014 750 1070 prohibentur,
788 1031 884 1059 reos
922 1017 1054 1059 fuisse
1087 1031 1131 1059 se
1168 1019 1339 1059 tantum
1375 1033 1513 1073 poena
1544 1020 1727 1074 experti,

154 1069 298 1112 Acilia
339 1074 478 1115 mater
514 1073 686 1116 Annaei
716 1073 881 1117 Lucani
920 1076 1010 1118 sine
1049 1076 1340 1132 absolutione,
1379 1078 1471 1120 sine
1510 1078 1727 1133 supplicio·

158 1129 441 1174 dissimulata.

277 1188 441 1239 Quibus
473 1192 731 1246 perpetratis
762 1191 878 1236 Nero
911 1195 954 1235 et
984 1194 1187 1236 contione
1215 1194 1400 1237 militum
1437 1195 1588 1238 habita
1617 1195 1729 1239 bina.⁴

155 1261 379 1290 nummum
416 1250 537 1292 milia
574 1250 737 1293 viritim
774 1252 1115 1307 manipularibus
1155 1253 1303 1295 divisit
1339 1253 1588 1309 addiditque
1626 1254 1722 1297 sine

154 1306 296 1361 pretio
328 1307 604 1365 frumentum,
636 1325 720 1365 quo
748 1313 849 1352 ante
875 1326 926 1353 ex
952 1312 1078 1354 modo
1106 1326 1305 1355 annonae
1330 1313 1573 1356 utebantur.
1615 1315 1730 1369 tum,

156 1365 281 1420 quasi
306 1369 429 1422 gesta
460 1368 574 1410 bello
602 1369 885 1425 expositurus,
917 1372 1044 1413 vocat
1070 1373 1266 1413 senatum
1293 1373 1336 1413 et
1364 1371 1626 1427 triumphale
1652 1372 1723 1414 de-

156 1438 231 1466 cus
256 1423 459 1468 Petronio
487 1426 740 1482 Turpiliano
767 1430 996 1484 consulari,
1029 1428 1208 1472 Cocceio
1235 1430 1403 1473 Nervae
1429 1431 1619 1485 praetori
1651 1431 1721 1474 de-

156 1483 346 1539 signato,
390 1485 605 1541 Tigellino
648 1487 867 1541 praefecto
911 1489 1119 1543 praetorii
1161 1489 1333 1544 tribuit,
1378 1489 1640 1545 Tigellinum
1677 1492 1725 1532 et

154 1541 344 1584 Nervam
384 1544 445 1585 ita
477 1546 704 1600 extollens,
741 1548 790 1588 ut
821 1561 948 1601 super
984 1548 1270 1602 triumphales
1307 1548 1353 1589 in
1383 1548 1477 1591 foro
1509 1548 1724 1604 imagines

155 1600 269 1656 apud
302 1601 516 1645 Palatium
554 1618 721 1659 quoque
754 1604 919 1660 effigies
955 1620 1102 1647 eorum
1140 1606 1321 1648 sisteret.
1382 1607 1625 1649 consularia
1655 1607 1726 1649 in-

206 1755 260 1787 11.
286 1753 394 1796 quasi
418 1753 528 1797 „weil
552 1755 787 1799 angeblich“.

205 1802 260 1833 12.
286 1797 434 1835 Priscus
465 1800 559 1835 wird
588 1802 686 1836 noch
716 1801 768 1837 im
795 1803 827 1838 J.
856 1806 900 1838 78

155 1845 210 1881 als
237 1845 378 1881 Konsul
408 1848 587 1883 erwahnt.
632 1848 768 1884 Glitius
800 1850 901 1895 geht,

156 1904 228 1928 von
255 1891 376 1928 seiner
399 1893 498 1929 Frau
522 1895 713 1940 begleitet,
739 1896 797 1931 ins
817 1896 904 1932 Exil

156 1940 253 1975 nach
279 1939 345 1975 der
369 1940 468 1976 Insel
494 1941 650 1978 Andros.

205 1990 259 2021 14.
286 1987 376 2022 data
394 1988 572 2024 bedentet
590 2001 680 2033 „aus
692 1988 821 2026 Gnade
841 2001 902 2036 ge-

155 2033 384 2079 wahrt“„im
411 2034 617 2081 Gegensatz
643 2049 706 2071 zur
730 2037 901 2073 Hinrich-

155 2082 258 2126 tung.
303 2080 465 2117 Ahnlich
487 2087 542 2127 16,
563 2087 607 2118 33
630 2083 811 2120 Thraseae
836 2085 900 2121 da-

154 2131 217 2163 tur
247 2128 374 2163 mortis
404 2130 619 2173 arbitrium,
651 2132 900 2178 entgegenge-

155 2175 250 2210 setzt
269 2174 353 2210 dem
367 2175 468 2211 Tode
483 2176 599 2212 durch
619 2177 900 2214 Henkershand.

205 2225 259 2258 16.
286 2222 463 2268 ademptis
488 2223 537 2259 ist
556 2224 794 2260 aoristisches
814 2226 900 2262 Par-

153 2268 258 2313 ticip.
297 2268 381 2316 Ygl.
408 2270 504 2306 Einl.
532 2274 562 2313 ξ.
591 2275 671 2315 110,
685 2272 719 2306 b.

204 2320 258 2351 17.
297 2316 397 2351 Uber
428 2316 615 2363 Crispinus
654 2329 681 2354 S.
720 2331 764 2354 zu
798 2323 853 2364 11,
881 2323 899 2354 1

154 2373 215 2397 am
240 2363 356 2400 Ende.

202 2413 258 2445 20.
298 2410 373 2446 Der
409 2411 553 2447 Rhetor
590 2411 790 2457 Verginius
823 2425 901 2448 war

154 2457 296 2493 Lehrer
346 2458 411 2493 des
459 2458 618 2494 Persius.
681 2453 781 2495 Uber
829 2460 902 2496 den

155 2503 305 2540 Stoiker
330 2505 522 2541 Musonius
546 2506 622 2552 vgl.
652 2510 706 2551 14,
732 2510 788 2543 59.

202 2554 258 2587 23.
296 2553 338 2587 in
381 2552 602 2588 bezeichnet
646 2554 717 2589 den
756 2554 901 2598 Zweck,

154 2598 252 2633 also:
274 2611 361 2643 „um
381 2598 442 2635 die
455 2600 549 2635 Zahl
562 2600 640 2635 voll
653 2613 696 2635 zu
709 2602 901 2646 machen“,

155 2645 357 2691 cigentlich
408 2647 468 2682 ein
510 2647 775 2683 militarischer
817 2647 901 2684 Ter-

154 2703 287 2727 mmus.

202 2743 257 2774 24.
284 2740 412 2775 Dieser
438 2739 660 2777 Caesennius
687 2741 792 2786 (oder
812 2741 901 2778 Cae-

156 2786 295 2831 sonius)
330 2797 405 2822 war
435 2787 621 2824 Konsular
652 2789 729 2826 und
754 2789 901 2825 Freund

153 2831 218 2867 des
245 2833 393 2870 Seneca.
683 2851 692 2857 ·

1021 1760 1076 1791 27.
1109 1757 1341 1801 dissimulata
1373 1757 1449 1801 „sie
1481 1757 1584 1792 ward
1613 1757 1727 1804 igno--

973 1803 1098 1839 riert“.
1148 1802 1312 1838 Ahnlich
1344 1804 1518 1839 Ammian
1550 1808 1607 1849 21,
1638 1809 1672 1849 3,
1697 1809 1728 1841 2³

973 1851 1070 1895 quod
1093 1860 1138 1884 ue
1157 1851 1425 1887 dissimulatum
1443 1852 1626 1888 redivivas
1650 1852 1723 1888 bez-

975 1898 1092 1933 lorum
1116 1898 1289 1933 materias
1314 1899 1486 1934 excitaret
1511 1899 1576 1935 ctt.

1025 2003 1085 2039 72.
1127 2007 1157 2039 1.
1196 2004 1370 2046 militum,
1405 2004 1595 2040 natiirlich
1629 2005 1722 2041 Pra-

974 2050 1154 2095 torianer‚
1181 2051 1278 2085 denn
1303 2050 1594 2097 Linientruppen
1619 2053 1720 2088 stan—

976 2097 1047 2132 den
1071 2097 1176 2133 nicht
1199 2096 1239 2132 in
1263 2097 1370 2133 Rom.

1022 2165 1054 2197 2.
1081 2162 1159 2197 sine
1178 2162 1307 2206 pretio.
1336 2161 1396 2197 Sie
1422 2162 1603 2199 erhielten
1627 2176 1721 2200 nun·

974 2209 1081 2244 mehr
1110 2209 1177 2244 das
1204 2208 1377 2244 Getreide
1408 2209 1615 2246 monatlich
1639 2223 1721 2247 um-

975 2258 1094 2299 sonst,
1120 2256 1252 2291 hatten
1278 2256 1368 2291 aber
1390 2255 1536 2301 friiher,
1562 2257 1632 2294 wie
1657 2258 1727 2294 die

975 2302 1366 2348 Getreideempfanger
1397 2314 1463 2338 aus
1500 2304 1567 2339 der
1596 2305 1723 2350 Plebs,

975 2350 1081 2385 einen
1107 2350 1286 2395 geringen
1309 2349 1413 2385 Preis
1439 2350 1548 2386 daffir
1572 2364 1616 2387 zu
1640 2353 1720 2388 ent-

974 2397 1130 2432 richten.
1174 2397 1216 2431 In
1241 2397 1360 2433 dieser
1384 2396 1601 2444 Beziehung
1623 2410 1719 2434 wur-

975 2443 1046 2479 den
1083 2444 1136 2479 sie
1177 2444 1274 2489 jetzt
1317 2444 1389 2478 den
1426 2444 1720 2491 Linientruppen

974 2490 1265 2535 gleichgestellt‚
1286 2490 1495 2526 ausserdem
1513 2492 1644 2528 hatten
1664 2491 1718 2528 sie

974 2537 1129 2583 doppelt
1172 2549 1213 2573 so
1250 2538 1326 2573 viel
1364 2537 1453 2573 Sold
1497 2539 1531 2584 (2
1569 2537 1723 2575 Denare

975 2584 1141 2630 taglich).

1021 2653 1053 2684 5.
1087 2639 1187 2684 Uber
1216 2649 1411 2685 Petronius
1443 2661 1471 2686 s,
1503 2662 1548 2685 zu
1578 2653 1634 2695 14,
1660 2654 1716 2686 29.

978 2716 1018 2721 -—
1056 2695 1180 2731 Nerva
1216 2696 1268 2731 ist
1304 2696 1370 2732 der
1406 2707 1478 2732 von
1509 2700 1554 2732 96
1583 2696 1643 2732 bis
1671 2700 1719 2742 98

972 2742 1191 2788 regierende
1216 2742 1357 2787 Kaiser,
1385 2743 1502 2778 Enkel
1528 2743 1592 2779 des
1613 2749 1646 2789 6,
1671 2748 1722 2781 2&

974 2790 1188 2833 erwahnten
1206 2789 1548 2835 Rechtsgelehrten,
1575 2791 1641 2826 der
1664 2791 1719 2827 im

972 2836 1004 2871 J.
1032 2840 1076 2872 33
1103 2837 1215 2873 starb.
