1806 3120
596 79 744 115 LIBER
766 78 831 115 ΙΙΙ.
869 77 974 114 CAP.
994 81 1148 114 48-50.
1580 78 1666 121 179

217 188 326 232 Fine
368 186 472 229 anni
508 185 754 229 Clutorium
789 184 987 227 Priscum
1029 185 1218 240 equitem
1257 184 1520 241 Romanum,
1561 189 1664 241 post
1675 185 1741 229 49

99 248 266 292 celebre
305 260 498 300 carmen,
538 259 623 301 quo
666 244 913 287 Germanici
953 258 1155 299 suprema
1195 242 1447 299 defleverat,
1487 245 1667 299 pecunia

98 308 307 350 donatum
338 320 364 348 a
395 303 596 359 Caesare,
636 303 846 358 corripuit
882 303 1065 358 delator,
1102 302 1325 345 obiectans
1362 316 1493 358 aegro
1526 302 1667 346 Druso

99 364 395 422 composuisse
427 363 554 419 quod,
586 363 623 405 si
653 363 866 405 extinctus
896 362 1023 416 foret,
1052 361 1217 404 maiore
1248 362 1442 417 praemio
1468 362 1669 418 vulgare-

98 427 183 468 tur.
243 424 288 466 id
332 421 553 466 Clutorius
596 421 643 463 in
686 421 814 464 domo
857 420 903 463 P.
934 420 1148 475 Petronii,
1192 435 1318 463 soem
1363 420 1453 464 eius
1485 420 1667 463 Vitellia
1693 430 1714 462 5

98 498 244 527 coram
274 482 508 537 multisque
539 480 798 523 inlustribus
829 479 1016 535 feminis,
1047 494 1126 535 per
1156 479 1528 535 vaniloquentiam
1552 480 1667 535 lege-

98 545 181 586 rat.
230 543 280 584 ut
305 541 472 583 delator
497 539 659 595 extitit,
690 539 845 581 ceteris
872 539 927 581 ad
953 538 1178 581 dicendum
1203 538 1502 581 testimonium
1528 541 1666 581 exter-

97 601 211 656 ritis,
242 601 335 643 sola
364 598 546 642 Vitellia
575 598 688 641 nihil
719 613 764 640 se
797 597 1013 640 audivisse
1045 597 1324 640 adseveravit.
1380 597 1455 639 sed
1486 610 1667 652 arguen-

96 661 215 703 tibus
234 659 288 702 ad
308 658 542 714 perniciem
561 658 659 713 plus
678 657 780 699 fidei
811 657 906 711 fuit,
934 657 1233 713 sententiaque
1252 656 1424 698 Haterii
1442 655 1667 712 Agrippae

101 718 291 763 consulis
323 717 541 773 designati
570 716 780 758 indictum
811 731 885 759 reo
917 716 1120 758 ultimum
1152 716 1424 771 supplicium.
1697 724 1740 756 10

217 776 380 820 Contra
422 775 491 818 Μ’.
533 775 720 831 Lepidus
769 775 815 817 in
862 775 976 817 hunc
1026 774 1202 817 modum
1251 789 1428 817 exorsus
1471 776 1553 816 est:
1604 772 1742 830 ‘si,50

97 839 244 893 patres
295 835 547 890 conscripti,
595 849 729 877 unum
771 833 816 876 id
860 836 1124 889 spectamus,
1174 848 1306 889 quam
1353 833 1522 876 nefaria
1565 847 1669 875 voce

99 895 318 940 Clutorius
349 895 522 937 Priscus
559 895 749 936 mentem
788 907 913 935 suam
950 895 995 935 et
1032 907 1158 934 aures
1196 892 1423 935 hominum
1452 891 1670 948 polluerit,

100 969 239 1011 neque
271 968 414 997 carcer
451 967 590 1008 neque
626 953 825 1007 laqueus,
861 966 916 994 ne
954 952 1134 994 serviles
1172 951 1347 1006 quidem
1378 951 1592 993 cruciatus
1624 951 1671 993 in

58 1045 61 1047 >
100 1029 199 1057 eum
230 1013 487 1056 suffecerint.
543 1012 612 1054 sin
642 1011 811 1067 flagitia
842 1013 886 1053 et
916 1010 1112 1053 facinora
1144 1011 1238 1052 sine
1270 1010 1398 1053 modo
1430 1013 1544 1066 sunt,
1574 1024 1670 1065 sup-
1696 1018 1718 1051 5

102 1073 248 1128 pliciis
281 1087 331 1115 ac
361 1071 564 1114 remediis
600 1070 809 1126 principis
847 1069 1088 1112 moderatio
1121 1069 1418 1124 maiorumque
1450 1071 1493 1110 et
1523 1071 1670 1112 vestra

101 1126 298 1186 exempla
327 1132 583 1186 temperant,
615 1131 657 1171 et
682 1144 793 1171 vana
819 1144 844 1171 a
870 1129 1078 1182 scelestis,
1109 1128 1225 1170 dicta
1252 1144 1278 1171 a
1302 1128 1526 1170 maleficiis
1552 1127 1670 1170 diffe-

100 1193 217 1246 runt,
247 1192 314 1232 est
342 1190 463 1232 locus
497 1188 755 1242 sententiae,
786 1202 864 1243 per
895 1203 1023 1243 quam
1053 1201 1192 1242 neque
1223 1187 1324 1230 huic
1355 1187 1561 1229 delictum
1590 1187 1670 1229 im-

102 1264 217 1306 pune
249 1249 307 1291 sit
338 1251 382 1291 et
411 1263 492 1290 nos
525 1247 779 1290 elementiae
811 1247 940 1289 simul
973 1261 1022 1289 ac
1054 1246 1299 1289 severitatis
1324 1261 1413 1288 non
1436 1246 1670 1302 paeniteat.

103 1323 232 1365 saepe
258 1307 400 1350 audivi
426 1307 664 1362 principem
694 1307 891 1349 nostrum
922 1308 1269 1362 conquerentem,
1302 1305 1339 1347 si
1371 1306 1467 1360 quis
1498 1307 1673 1360 sumpta
1698 1313 1744 1346 10

102 1369 244 1410 morte
270 1365 608 1409 misericordiam
633 1365 726 1407 eius
750 1365 1061 1420 praevenisset.
1110 1365 1202 1406 vita
1222 1362 1407 1406 Clutorii
1431 1364 1478 1406 in
1501 1364 1672 1420 integro

103 1429 182 1482 est,
213 1426 286 1482 qui
315 1439 454 1480 neque
488 1426 685 1467 servatus
714 1423 762 1466 in
790 1423 1033 1478 periculum
1063 1423 1126 1466 rei
1155 1423 1354 1478 publicae
1378 1437 1516 1479 neque
1540 1423 1674 1465 inter-

102 1486 241 1529 fectus
273 1484 321 1527 in
354 1484 596 1539 exemplum
626 1483 720 1525 ibit.
785 1482 930 1525 studia
960 1482 1046 1538 illi,
1076 1485 1126 1525 ut
1155 1482 1286 1537 plena
1316 1482 1580 1537 vaecordiae,
1610 1482 1673 1525 ita

103 1544 253 1588 inania
294 1545 338 1586 et
376 1542 492 1585 fluxa
533 1544 656 1597 sunt3
695 1556 775 1584 nec
814 1542 1047 1598 quicquam
1084 1556 1214 1598 grave
1252 1556 1302 1584 ac
1340 1541 1501 1583 serium
1538 1555 1591 1583 ex
1621 1555 1672 1584 eo

102 1606 293 1658 metuas,
338 1602 412 1658 qui
453 1616 630 1644 suorum
669 1601 764 1656 ipse
804 1600 1074 1655 flagitiorum
1114 1600 1311 1657 proditor
1348 1615 1439 1643 non
1480 1600 1672 1643 virorum
1701 1608 1744 1641 15

105 1662 261 1706 animis
294 1661 370 1704 sed
400 1661 749 1703 muliercularum
775 1659 954 1715 adrepit.
1005 1660 1129 1703 cedat
1158 1662 1308 1702 tamen
1338 1659 1444 1702 urbe
1474 1661 1520 1701 et
1548 1659 1675 1703 bonis

105 1721 276 1765 amissis
301 1735 416 1776 aqua
440 1722 484 1762 et
514 1720 608 1776 igni
639 1721 853 1761 arceatur:
886 1719 1002 1775 quod
1031 1719 1210 1775 perinde
1242 1733 1395 1762 censeo
1429 1732 1478 1761 ac
1510 1718 1547 1761 si
1577 1719 1675 1775 lege

103 1780 346 1823 maiestatis
376 1777 622 1821 teneretur.2

153 1906 218 1944 49.
256 1910 288 1942 5.
327 1907 372 1942 P.
398 1906 612 1949 Petronius,
648 1905 848 1950 Konsular,

105 1954 201 1991 wird
236 1954 362 1999 spater
395 1952 605 1988 Prokonsul
637 1962 712 1988 von
745 1951 849 1996 Asia,

106 2002 217 2038 unter
247 2000 418 2045 Caligula
449 1999 652 2045 Proprator
681 2010 756 2034 von
781 1999 852 2043 Sy-

105 2049 188 2085 rien
211 2048 289 2083 und
314 2047 424 2083 stirbt
453 2047 565 2082 unter
590 2044 778 2081 Claudius.
806 2066 850 2071 —

115 2096 284 2139 Vitellia,
313 2093 508 2130 vielleieht
538 2092 752 2128 Grofstante
786 2093 851 2128 des

106 2142 258 2179 Kaisers
275 2140 462 2178 Vitellius.
484 2161 529 2167 —
549 2151 671 2176 coram
693 2139 734 2174 in
752 2139 851 2176 Ana·

106 2190 278 2236 strophe,
309 2188 380 2224 wie
406 2199 463 2234 cp.
492 2190 535 2223 15
559 2191 689 2224 senatu
719 2197 852 2223 eoram.

108 2237 259 2274 Sueton.
286 2236 359 2271 Tit.
389 2239 432 2271 10
451 2235 593 2281 populo
625 2245 757 2270 coram.
804 2235 852 2270 So

107 2284 213 2321 stellt
243 2283 397 2319 Tacitus
434 2282 613 2318 zuvveilen
650 2282 710 2317 die
747 2281 854 2317 zwei-

108 2332 269 2385 silbigen
282 2330 568 2376 Prapositionen
587 2329 664 2364 und
683 2329 852 2374 abusque.

109 2378 145 2415 S.
165 2378 266 2414 Eml.
285 2382 317 2421 ξ.
340 2382 419 2421 116,
439 2390 473 2413 a.

158 2431 190 2462 6.
238 2426 514 2470 vaniloquentia
564 2424 661 2459 auch
710 2427 748 2468 6,
787 2427 852 2467 31;

110 2474 227 2509 sehon
249 2473 314 2509 bei
336 2472 492 2508 Plautus
516 2471 593 2507 und
617 2470 762 2516 Livius,
786 2482 854 2505 un-

109 2520 302 2557 klassisch.

154 2571 189 2603 9.
214 2566 397 2603 Haterius
416 2566 563 2602 stimmt
587 2566 721 2608 zuerst,
747 2564 795 2600 da
814 2575 855 2600 er

111 2615 355 2660 designierter
379 2614 523 2649 Konsul
547 2613 608 2649 ist.
658 2612 743 2658 Vgl.
763 2611 856 2647 fiber

111 2662 240 2698 seinen
264 2659 470 2697 Charakter
494 2673 539 2696 zu
565 2664 597 2705 1,
619 2664 674 2697 77.

159 2709 222 2745 50.
257 2712 288 2743 1.
322 2708 397 2744 Μ’.
422 2707 590 2753 Lepidus
619 2707 669 2742 ist
700 2707 766 2742 der
800 2705 858 2741 oft

113 2755 303 2792 erwahnte
328 2754 600 2790 einflussreiche
624 2754 784 2790 Redner.

159 2806 193 2839 4.
237 2813 370 2839 casrcer.
413 2802 547 2838 Neben
586 2802 671 2837 dem
707 2801 857 2845 Forum,

114 2859 176 2885 am
212 2849 323 2886 Fusse
367 2849 432 2885 des
469 2849 641 2896 Kapitols
683 2847 750 2893 lag
791 2847 858 2882 das

924 1904 1261 1951 Staatsgefangnis.
1287 1904 1356 1940 Die
1377 1903 1501 1940 Strafe
1520 1905 1587 1940 der
1603 1904 1672 1940 Er-

924 1952 1163 1997 drosselmg,
1194 1951 1255 1987 die
1279 1954 1390 1987 unter
1414 1952 1487 1987 den
1511 1950 1671 1987 Kaisern

924 1998 1059 2034 immer
1088 1998 1257 2044 haufiger
1288 1998 1398 2043 vvird,
1431 1997 1579 2034 kommt
1611 1997 1669 2034 als

926 2045 1135 2081 Seltenheit
1166 2046 1263 2081 auch
1295 2058 1359 2081 zur
1389 2045 1471 2080 Zeit
1500 2044 1568 2080 der
1597 2045 1670 2080 Re-

924 2092 1060 2138 publik
1090 2103 1176 2138 vor,
1207 2105 1236 2128 z.
1258 2092 1298 2129 B.
1323 2092 1377 2128 im
1400 2091 1432 2129 J.
1454 2096 1498 2127 62
1524 2104 1573 2128 an
1597 2092 1672 2128 den

927 2138 1202 2175 Catilinariern.

976 2190 1031 2223 13.
1074 2187 1117 2222 in
1159 2186 1360 2232 exemplum
1402 2187 1456 2222 ire
1497 2186 1548 2222 ist
1590 2185 1674 2222 eine

926 2233 1235 2270 nachklassische
1259 2233 1412 2270 Phrase.

977 2284 1032 2318 17.
1063 2292 1162 2328 aqua
1186 2284 1219 2317 et
1242 2281 1325 2327 iqui
1350 2284 1531 2317 arceatur.
1572 2270 1675 2315 fiber

928 2327 1030 2364 diese
1063 2339 1159 2364 neue
1184 2328 1385 2374 Wendung
1410 2340 1439 2363 s.
1464 2340 1511 2363 zu
1536 2339 1593 2373 cp.
1614 2331 1672 2362 23.

928 2376 1138 2421 —perinde
1157 2387 1201 2412 ac
1218 2376 1261 2411 si.
1286 2375 1395 2411 Nach
1415 2374 1503 2411 dem
1516 2374 1674 2410 Gesetze

927 2423 1096 2459 konnten
1133 2421 1561 2468 Majestatsverbrechen
1603 2432 1674 2456 nur

929 2481 1049 2516 gegen
1074 2470 1148 2505 den
1166 2469 1298 2505 Kaiser
1315 2469 1392 2504 und
1412 2469 1513 2504 scine
1530 2467 1674 2503 Mutter

928 2516 1128 2562 begangen
1160 2517 1325 2560 werden3
1365 2516 1440 2562 vgl.
1466 2519 1507 2559 4,
1532 2518 1579 2550 34
1613 2514 1676 2550 sed

929 2574 1042 2609 neque
1065 2564 1152 2600 haec
1175 2564 1218 2599 in
1243 2563 1453 2609 principem
1477 2565 1544 2598 aut
1566 2562 1673 2606 prin-

930 2612 1024 2656 cipis
1043 2614 1252 2655 parentem,
1277 2617 1366 2655 quos
1390 2610 1449 2645 lex
1471 2609 1674 2645 maiestatis

931 2658 1172 2703 amplectitur.
1222 2656 1293 2692 Die
1325 2656 1449 2692 Strafe
1480 2667 1558 2692 war
1583 2655 1675 2692 Ver-

929 2705 1110 2758 bannung
1145 2704 1222 2739 und
1258 2703 1528 2758 Konfiskation.
1576 2701 1678 2738 Aber

931 2750 1678 2843 ἓᾩὶῗέ“ἕιιἓῗὲἒαέξξὲἒιὲἔῗιῗζεῗρέἓέἑ

933 2858 998 2882 zur
1022 2845 1141 2892 Regel
1165 2846 1278 2881 ward.

1324 2905 1395 2940 12*
