1794 3126
577 84 724 121 LIBER
741 81 820 119 XV.
853 80 957 117 CAP.
978 85 1128 118 18—21.

1563 81 1650 125 183

75 196 235 238 rentur.
284 209 415 250 quam
447 194 719 237 occasionem
742 192 902 234 Paetus
929 189 1122 232 Thrasea
1154 189 1208 231 ad
1239 190 1400 232 bonum
1426 191 1651 245 publicum

75 256 264 308 vertens,
301 255 532 309 postquam
571 253 622 295 de
658 265 730 294 reo
761 251 989 293 censuerat
1018 248 1242 304 provincia
1273 247 1403 291 Creta
1434 249 1650 304 depellen-

75 313 190 367 dum,
220 312 328 355 haec
361 313 542 355 addidit:
575 311 671 354 ‘usu
700 309 935 366 probatum
967 311 1045 362 est,
1075 309 1224 362 patres
1251 308 1498 364 conscripti,
1529 309 1648 365 leges

74 371 287 428 egregias,
311 372 508 426 exempla
532 371 715 414 honesta
740 367 855 424 apud
878 368 1018 410 bonos
1044 381 1095 409 ex
1118 366 1286 409 delictis
1305 367 1492 410 aliorum
1512 368 1649 424 gigni.

76 431 138 473 sic
170 434 389 474 oratorum
425 430 600 474 licentia
631 427 827 471 Cinciam
865 426 1155 482 rogationem,
1192 425 1521 469 candidatorum
1560 443 1648 470 am·
1676 442 1721 473 10

74 489 193 532 bitus
219 489 352 533 Iulias
382 490 513 545 leges,
544 487 878 544 magistratuum
910 486 1096 528 avaritia
1122 484 1357 540 Calpurnia
1389 486 1499 528 scita
1522 486 1648 542 pepe-

72 551 240 604 rerunt;
270 563 371 592 nam
403 549 528 603 culpa
559 562 688 604 quam
719 561 861 602 poena
890 547 1087 600 tempore
1111 544 1241 600 prior,
1272 545 1492 588 emendari
1517 561 1649 601 quam

73 622 249 662 peccare
273 607 486 663 posterius
507 609 584 649 est.
625 619 728 662 ergo
749 606 955 649 adversus
974 619 1133 647 novam
1151 604 1483 659 provincialium
1502 620 1649 661 super-

71 666 191 709 biam
229 666 407 722 dignum
443 665 526 708 fide
562 665 893 721 constantiaque
924 663 1123 706 Romana
1155 664 1375 718 capiamus
1408 664 1648 722 consilium,

72 740 157 781 quo
200 726 366 768 tutelae
411 726 625 769 sociorum
669 724 780 767 nihil
817 725 1064 779 derogetur,
1105 722 1233 765 nobis
1271 723 1419 778 opinio
1448 723 1647 784 decedat,
1675 738 1718 771 15

69 784 210 839 qualis
243 784 423 840 quisque
454 785 687 839 habeatur,
719 784 823 826 alibi
854 797 985 839 quam
1016 783 1063 824 in
1094 782 1251 824 civium
1282 782 1438 825 iudicio
1453 784 1458 786 ’
1472 797 1577 825 esse.

190 843 303 895 Olim
347 844 520 900 quidem
563 859 651 886 non
695 843 823 885 modo
860 844 1037 897 praetor
1074 844 1150 883 aut
1188 841 1339 883 consul
1375 842 1451 884 sed
1486 843 1711 897 privatim

69 902 203 945 etiam
241 903 543 958 mittebantur,
581 903 655 958 qui
692 902 935 958 provincias
972 901 1162 943 viserent
1200 903 1244 942 et
1280 900 1381 956 quid
1421 901 1472 943 de
1505 902 1644 944 cuius-

71 975 153 1016 que
179 962 386 1018 obsequio
412 962 630 1005 videretur
649 961 870 1015 referrent,
894 960 1256 1015 trepidabantque
1276 962 1428 1015 gentes
1447 960 1499 1002 de
1519 961 1645 1003 aesti-

68 1021 260 1063 matione
300 1022 581 1077 singulorum.

643 1024 690 1063 at
726 1035 840 1062 nunc
877 1019 1058 1062 colimus
1096 1021 1295 1062 externos
1333 1022 1376 1061 et
1407 1019 1646 1075 adulamur,

69 1081 113 1121 et
144 1094 229 1135 quo
261 1080 389 1123 modo
422 1081 475 1123 ad
505 1083 659 1123 nutum
692 1079 874 1123 alicuius
905 1081 1069 1135 grates,
1106 1078 1170 1120 ita
1199 1079 1442 1134 promptius
1473 1094 1644 1122 accusa·
1670 1097 1692 1130 5

68 1138 132 1180 tio
170 1138 431 1195 decernitur,
469 1139 805 1194 decernaturque
841 1140 885 1180 et
914 1139 1090 1180 maneat
1119 1137 1459 1192 provincialibus
1491 1141 1644 1193 poten-

0 1216 3 1217 ’
66 1197 177 1239 tiam
215 1213 338 1241 suam
377 1199 455 1241 tali
491 1199 620 1241 modo
659 1197 925 1241 ostentandi:
969 1197 1045 1239 sed
1082 1197 1176 1239 laus
1213 1197 1326 1239 falsa
1363 1200 1408 1240 et
1443 1198 1643 1252 precibus

69 1270 273 1312 expressa
314 1258 490 1313 perinde
534 1258 787 1301 cohibeatur
829 1271 960 1312 quam
1004 1256 1190 1312 malitia,
1234 1271 1362 1312 quam
1399 1257 1642 1300 crudelitas.

67 1315 195 1370 plura
226 1330 354 1372 saepe
385 1320 631 1372 peccantur,
663 1317 765 1359 dum
796 1316 1063 1358 demeremur
1092 1330 1221 1371 quam
1246 1315 1349 1358 dum
1375 1316 1643 1359 offendimus.

68 1375 280 1430 quaedam
311 1376 445 1420 immo
478 1377 661 1419 virtutes
693 1376 791 1418 odio
817 1378 930 1430 sunt,
962 1375 1167 1417 severitas
1194 1375 1424 1430 obstinata,
1454 1376 1642 1419 invictus
1670 1397 1713 1429 10

66 1433 298 1476 adversum
324 1436 512 1490 gratiam
538 1436 721 1478 animus.
760 1435 860 1477 inde
885 1434 1014 1477 initia
1040 1435 1373 1490 magistratuum
1391 1437 1642 1478 nostrorum

66 1492 249 1535 meliora
285 1494 419 1537 ferme
454 1497 498 1538 et
528 1495 626 1538 finis
658 1494 856 1549 inclinat,
894 1494 997 1535 dum
1028 1493 1075 1536 in
1105 1494 1280 1536 modum
1313 1494 1643 1537 candidatorum

64 1551 277 1609 suffragia
319 1555 630 1610 conquirimus3
676 1568 785 1609 quae
830 1553 867 1595 si
911 1555 1153 1608 arceantur,
1197 1553 1466 1608 aequabilius
1511 1555 1641 1610 atque

114 1686 147 1719 6.
188 1671 290 1718 Uber
326 1682 464 1718 Paetus
502 1682 668 1718 Thrasea
705 1694 732 1717 s.
772 1694 818 1717 zu
886 1652 1020 1726 petuae
1045 1680 1270 1727 eingefi'ihrt.
1297 1701 1342 1707 —
1368 1681 1442 1717 Der
1464 1681 1643 1718 Wechsel

114 1781 147 1812 7.
180 1777 224 1811 de
252 1787 313 1812 reo
344 1781 533 1813 censuerat
565 1798 608 1803 —
641 1777 816 1822 depellen-

65 1824 164 1860 dum.
203 1822 335 1859 Diescr
360 1823 580 1860 scheinbare
606 1823 817 1859 Germanis-

64 1883 148 1906 mus
186 1870 333 1906 kommt
357 1871 474 1906 sehon
498 1871 559 1907 bei
584 1870 712 1907 Cicero
737 1882 817 1916 vor,

64 1931 94 1953 z.
114 1918 156 1954 B.
181 1917 284 1952 Verr.
312 1921 346 1963 4,
369 1921 412 1953 18
437 1919 481 1954 de
505 1919 570 1954 hoc
595 1918 702 1954 Verri
725 1919 817 1954 dici-

67 1969 131 2001 tur
158 1965 288 2001 habere
312 1977 391 2000 eum
410 1966 576 2011 perbona
604 1969 818 2009 toreumata,

65 2023 182 2058 sogar
199 2011 253 2047 im
266 2013 508 2058 Relativsatz,
528 2012 598 2048 wie
617 2025 653 2058 p.
673 2012 816 2048 Cluent.

65 2063 114 2095 28
141 2061 185 2096 de
209 2070 280 2105 quo
304 2064 391 2096 esset
415 2064 498 2096 orta
527 2061 688 2105 suspicio
710 2071 818 2105 pecu-

62 2107 133 2143 m‘a
156 2111 410 2153 oppuqnatum
434 2108 511 2142 und
537 2107 645 2143 ofter’.

115 2158 148 2190 9.
169 2156 333 2199 exempla
351 2154 435 2190 sind
455 2153 652 2200 „Strafen“
673 2155 729 2190 als
742 2153 817 2190 Ab·

66 2202 459 2247 schreckungsmittel.
522 2203 669 2238 honesta
713 2202 818 2247 „leb-

65 2248 190 2284 liche“
228 2259 360 2294 wegen
397 2249 498 2285 ihrer
535 2249 818 2295 Gerechtigkeit

63 2296 144 2331 -und
171 2296 380 2332 heilsamen
404 2295 602 2342 Wirkung.

118 2347 172 2379 10.
208 2344 357 2379 lieentia
387 2344 606 2380 bezeichnet
631 2343 690 2379 die
714 2344 818 2380 Hab—

64 2390 147 2436 gier
178 2391 255 2426 und
287 2390 615 2427 Besssechuchkeit.
647 2412 689 2417 -
716 2382 816 2427 Uber

66 2437 128 2473 die
155 2439 213 2473 lex
241 2437 373 2473 Gineia
398 2450 425 2473 s.
450 2451 479 2474 z.
508 2442 563 2483 11,
590 2442 611 2474 5
637 2439 816 2485 leuemque

60 2485 236 2521 Cinciam
261 2486 444 2530 flayita‘nt.

115 2536 170 2568 11.
201 2533 320 2568 Unter
345 2533 417 2568 den
443 2532 624 2568 Gesetzen
649 2533 714 2569 des
739 2534 814 2568 Au-

60 2581 199 2625 gustus
219 2580 294 2626 gab
315 2591 354 2614 es
374 2580 456 2615 eine
475 2581 533 2616 lex
548 2581 655 2616 Iulia
673 2581 716 2616 de
736 2592 814 2616 am—

61 2627 158 2662 bitu.
183 2627 259 2663 Der
271 2627 401 2662 Plural
414 2627 633 2663 bezeichnet
650 2627 710 2663 die
731 2639 813 2664 ver—

65 2674 292 2710 sehiedenen
334 2673 599 2720 Paragraphen
642 2674 707 2710 des
745 2674 814 2711 Ge-

65 2722 196 2766 setzeu,
222 2722 293 2757 wie
320 2725 352 2766 3,
374 2725 418 2756 33
444 2721 575 2766 Oppiis
600 2722 748 2767 leqibus.
769 2741 814 2748 —

66 2768 142 2803 Das
174 2768 440 2814 Calpurnische
473 2769 605 2804 Gesetz
641 2769 684 2805 de
717 2780 815 2814 repe-

65 2816 195 2851 tundis
214 2816 316 2851 ward
331 2819 399 2852 149
413 2817 595 2862 gegeben,
609 2815 685 2851 und
698 2816 815 2852 durch

66 2860 240 2899 dasselbe
257 2863 410 2900 wurden
424 2864 485 2899 die
498 2864 724 2909 quaestiones
729 2874 814 2909 per-

890 1728 943 1763 im
957 1729 1154 1764 Ausdruck
1173 1729 1413 1774 (roqationem
1428 1749 1472 1755 —
1487 1730 1578 1775 leqes
1592 1750 1638 1755 —

888 1777 996 1821 scita)
1028 1776 1079 1811 ist
1108 1787 1180 1810 nur
1205 1775 1418 1819 stilistisch;
1450 1776 1491 1811 in
1516 1776 1640 1812 dieser

889 1823 1002 1858 Form
1032 1823 1094 1858 bei
1119 1822 1207 1858 Tac.
1240 1823 1338 1858 auch
1367 1824 1466 1858 noch
1495 1823 1565 1869 ΚΡ.
1592 1828 1636 1859 41

889 1871 1060 1915 templum
1086 1889 1129 1897 ——
1156 1871 1287 1914 fanum
1315 1891 1357 1896 ——-
1385 1871 1489 1906 aedes
1513 1891 1560 1897 —
1579 1872 1639 1907 de·

889 1918 1049 1962 labrum,
1079 1918 1183 1953 sonst
1210 1929 1282 1953 von
1306 1916 1387 1953 ihm
1411 1917 1637 1957 vermieden.

938 1964 1004 2000 21.
1045 1969 1076 2000 1.
1111 1966 1272 2010 privati,
1310 1976 1398 2000 vom
1430 1964 1546 2001 Senat
1581 1966 1638 2002 als

890 2011 1143 2048 Kommissare
1168 2012 1387 2057 abgesandt.

939 2064 972 2095 7.
1016 2060 1235 2095 ostentandi.
1297 2059 1482 2105 Obgleich
1519 2060 1640 2096 dieser

891 2106 1103 2152 elliptische
1124 2106 1283 2143 Genetiv
1308 2108 1351 2151 (s.
1373 2107 1468 2142 Einl.
1494 2111 1524 2150 ξ.
1554 2110 1637 2153 107)

890 2155 989 2190 110011
1013 2154 1182 2190 zweimal
1206 2154 1246 2189 in
1271 2154 1344 2190 den
1363 2155 1535 2190 Annalen
1553 2166 1637 2191 vor-

889 2202 1051 2247 kommt‚
1082 2213 1123 2238 so
1148 2202 1199 2237 ist
1224 2201 1321 2237 doch
1347 2202 1530 2247 moglich,
1557 2202 1638 2239 dass

888 2249 970 2284 hier
984 2249 1110 2285 hinter
1116 2250 1412 2294 provincialibus
1422 2251 1637 2286 versehent·

888 2296 966 2332 lich
990 2297 1051 2332 ius
1076 2297 1312 2342 ausgefallen
1335 2297 1396 2334 ist.

937 2348 969 2379 9.
995 2344 1071 2379 Das
1091 2344 1349 2380 unklassische
1369 2345 1552 2388 demereri,
1575 2345 1637 2381 bei

889 2391 977 2427 Tac.
997 2387 1063 2427 ἅπ.
1084 2390 1164 2437 εἰει,
1190 2391 1309 2427 findet
1332 2390 1412 2427 sich
1436 2391 1552 2427 sehon
1575 2393 1637 2428 bei

886 2438 1056 2475 Plautus.

937 2490 993 2523 10.
1031 2485 1101 2521 Die
1130 2485 1369 2530 Anastrophe
1405 2495 1480 2521 von
1514 2486 1635 2531 immo,

887 2535 964 2568 erst
1001 2533 1073 2568 seit
1105 2533 1233 2568 Livius
1265 2532 1303 2567 in
1335 2531 1402 2568 der
1432 2531 1548 2569 Prosa
1579 2544 1635 2568 er-

886 2580 1106 2625 scheinend,
1140 2580 1207 2615 hat
1239 2579 1326 2615 Tac.
1359 2580 1456 2615 auch
1487 2583 1543 2625 11,
1577 2584 1634 2617 30.

889 2631 944 2671 12,
972 2631 1004 2663 e.

938 2679 992 2710 12.
1023 2675 1183 2710 inclinat
1211 2675 1326 2719 „geht
1350 2674 1509 2719 bergab,
1541 2675 1635 2710 wird

887 2722 1134 2758 schlechter“.
1182 2722 1226 2756 In
1260 2721 1382 2757 dieser
1412 2721 1636 2768 Bedeutung

887 2771 972 2805 sehr
997 2770 1130 2813 selten,
1155 2781 1184 2804 z.
1204 2769 1245 2804 B.
1266 2768 1348 2805 Liv.
1374 2772 1408 2813 3,
1434 2772 1478 2804 61
1504 2771 1538 2805 si
1558 2770 1634 2814 for·

887 2820 981 2852 tuna
1006 2817 1089 2853 belli
1113 2816 1275 2852 inclinet.

938 2867 993 2900 13.
1019 2864 1248 2910 aequabilius
1267 2867 1374 2909 atque
1393 2865 1633 2901 constantius,
