1820 3100
21 1569 26 1573 ι
79 1524 164 1570 Vgl.
191 1535 235 1558 zu
261 1528 294 1569 3,
320 1528 353 1559 2.
378 1545 426 1550 —
450 1524 650 1569 Apicatam
681 1523 823 1568 Seiani,

0 1593 8 1601 -
79 1571 158 1607 scil.
182 1582 342 1607 umorem.
392 1570 504 1607 Diese
532 1569 676 1616 Ellipse
706 1570 824 1606 findet

574 75 718 112 LIBER
740 76 804 112 IV.
847 75 952 112 CAP.
974 78 1125 112 10—12.
1554 74 1638 117 207

74 186 142 229 vis
172 185 374 228 fabulosa
404 188 447 227 et
482 184 688 227 immania
724 182 1026 237 credebantur,
1063 182 1277 224 atrociore
1317 195 1486 236 semper
1520 181 1639 224 fama
1666 193 1710 225 10

74 258 179 300 erga
209 244 524 287 dominantium
554 243 706 285 exitus.
764 241 868 284 ordo
899 241 1060 296 alioqui
1091 240 1266 283 sceleris
1297 254 1375 295 per
1404 240 1638 295 Apicatam

78 303 223 347 Seiani
261 303 476 359 proditus,
515 301 743 344 tormentis
779 300 965 342 Eudemi
1005 314 1056 342 ac
1094 299 1235 355 Lygdi
1273 299 1521 354 patefactus
1562 301 1638 341 est.

75 377 215 418 neque
264 362 488 418 quisquam
539 361 725 415 scriptor
772 362 863 401 tam
912 358 1107 401 infensus
1158 358 1324 413 extitit,
1372 361 1422 400 ut
1464 357 1638 400 Tiberio

74 422 324 476 obiectaret‚
354 435 452 463 cum
482 420 626 461 omnia
657 418 745 461 alia
775 418 1076 474 conquirerent
1105 417 1475 472 intenderentque.
1531 416 1640 458 mihi

75 480 276 523 tradendi
312 479 601 535 arguendique
639 477 824 519 rumoris
862 491 992 519 causa
1022 476 1122 530 fuit,
1159 478 1208 518 ut
1239 477 1355 518 claro
1388 476 1468 517 sub
1500 489 1639 518 exem·
1667 485 1710 517 15

74 539 150 595 plo
180 538 315 580 falsas
347 537 588 580 auditiones
620 536 876 592 depellerem
903 537 1179 591 peteremque
1205 535 1259 577 ab
1284 534 1353 590 iis,
1385 549 1566 589 quorum
1592 534 1639 576 in

75 613 230 640 manus
271 611 372 639 cura
418 598 569 639 nostra
611 595 792 651 venerit,
833 609 885 637 nc
926 595 1150 650 divulgata
1194 596 1322 650 atque
1365 593 1640 636 incredibilia

77 657 199 700 avide
230 657 407 711 accepta
437 655 549 698 veris
579 669 718 710 neque
742 654 787 696 in
813 654 1070 696 miraculum
1096 653 1309 708 corruptis
1336 652 1638 694 antehabeant.

196 714 397 757 Ceterum
420 714 626 756 laudante
657 714 792 755 filium
817 727 897 768 pro
924 712 1078 755 rostris
1103 712 1278 754 Tiberio
1304 714 1480 753 senatus
1505 725 1639 767 popu·
1655 711 1709 753 12

75 774 229 828 Iusque
266 773 463 815 habitum
502 787 552 815 ac
590 786 716 815 voces
755 772 975 814 dolentum
1014 771 1291 813 simulatione
1328 770 1468 826 magis
1510 784 1639 825 quam

76 833 214 875 libens
252 832 459 874 induebat
496 832 754 887 domumque
786 829 1034 873 Germanici
1069 830 1328 873 revirescere
1366 829 1526 871 occulti
1556 829 1639 870 lae-

76 892 294 934 tabantur.
356 891 470 946 quod
507 891 767 945 principium
805 890 966 932 favoris
1000 892 1043 931 et
1073 891 1214 931 mater
1244 887 1488 944 Agrippina
1518 902 1639 942 spem

77 951 189 992 male
226 953 378 1006 tegens
415 950 648 1004 perniciem
686 949 995 991 adceleravere.
1054 962 1155 990 nam
1194 946 1376 990 Seianus
1414 947 1488 988 ubi
1524 946 1640 988 videt
1666 957 1687 990 5

77 1012 260 1052 mortem
298 1008 428 1050 Drusi
465 1009 648 1050 inultam
683 1007 1053 1062 interfectoribus,
1097 1007 1188 1048 sine
1228 1020 1422 1048 maerore
1465 1005 1639 1060 publico

81 1083 187 1123 esse,
212 1068 333 1110 ferox
353 1067 575 1122 scelerum,
600 1069 643 1108 et
664 1067 764 1122 quia
782 1067 923 1122 prima
940 1067 1240 1122 provenerant,
1265 1065 1461 1108 volutare
1482 1079 1639 1118 secum,

77 1141 263 1183 quonam
312 1126 439 1168 modo
484 1125 731 1168 Germanici
777 1125 938 1168 liberos
987 1127 1271 1180 perverteret,
1321 1138 1504 1179 quorum
1553 1137 1642 1165 non

78 1186 208 1228 dubia
257 1185 482 1227 successio.
560 1199 696 1240 neque
752 1185 899 1239 spargi
948 1198 1157 1226 venenum
1213 1184 1259 1225 in
1313 1185 1403 1224 tres
1457 1184 1641 1237 poterat,

79 1244 256 1301 egregia
296 1244 520 1286 custodum
559 1244 642 1286 fide
687 1246 730 1285 et
771 1243 978 1299 pudicitia
1017 1242 1287 1298 Agrippinae
1326 1240 1641 1296 inpenetrabili.
1669 1252 1713 1284 10

127 1387 182 1420 11.
221 1394 306 1428 crya
343 1382 618 1429 „gegem'iber“
657 1382 727 1417 wie
766 1393 823 1427 cp.

80 1434 127 1485 20
152 1440 238 1475 crya
256 1431 455 1475 pecuniam
487 1430 646 1483 alienam
670 1430 824 1484 diligen-

77 1481 134 1514 tta
158 1477 235 1512 und
260 1477 367 1513 efter.
406 1477 453 1512 So
478 1488 548 1512 nur
571 1475 635 1512 bel
659 1476 823 1513 Tacitus,

947 1385 1002 1417 18.
1028 1381 1252 1425 antehabere,
1279 1391 1306 1416 s.
1328 1392 1374 1415 zu
1402 1384 1432 1423 1,
1454 1383 1509 1416 58.

946 1428 1009 1465 12.
1029 1433 1062 1464 2.
1089 1429 1283 1464 dolentum.
1305 1427 1354 1462 So
1368 1428 1462 1462 auch
1475 1428 1640 1463 salutan-

896 1479 974 1511 tum
993 1487 1049 1521 cp.
1064 1480 1121 1511 41.
1144 1478 1199 1519 11,
1219 1479 1276 1510 22.
1301 1478 1517 1521 yratantum
1535 1479 1568 1519 6,
1583 1478 1639 1509 50.

895 1522 1071 1558 Poetisch
1096 1522 1171 1557 und
1197 1521 1491 1557 nachklassisch.

944 1575 976 1606 3.
1002 1571 1221 1606 revirescere.
1250 1569 1324 1605 Cic.
1345 1569 1392 1604 dc
1416 1579 1521 1614 prov.
1542 1579 1641 1604 cons.

79 1618 159 1654 sich
188 1618 295 1654 nicht
320 1630 391 1654 nur
414 1617 478 1654 bei
504 1618 626 1663 Virgil
650 1618 725 1653 und
751 1619 824 1653 den

78 1664 214 1701 beiden
238 1664 400 1710 Plinius,
435 1665 596 1701 sondern
621 1665 736 1701 schon
760 1665 825 1700 bei

80 1711 208 1748 Cicero
251 1712 300 1748 ad
336 1713 415 1749 Att.
457 1717 517 1756 12,
557 1716 602 1747 20
646 1712 824 1748 Serviliae

82 1758 232 1796 Claudii
252 1763 373 1805 pater.
422 1764 465 1795 21
496 1760 608 1795 Oviae
635 1759 671 1795 Ο.
696 1760 823 1797 Lollii.

129 1810 183 1843 14.
220 1808 408 1843 intendere
443 1806 750 1852 „1‘ibertreiben“.
788 1806 824 1843 S.

80 1866 126 1890 zu
149 1857 184 1898 2,
203 1857 261 1890 5'1.

131 1904 185 1936 15.
210 1901 277 1936 sub
302 1901 474 1945 exemplo,
498 1899 569 1935 wie
595 1905 629 1945 3,
649 1904 705 1936 68.

131 1950 187 1982 17.
219 1958 310 1983 cura
342 1946 731 1991 „schriftstellerische
756 1946 823 1980 Ar-

82 1994 197 2030 beit“.
241 1993 327 2039 Vgl.
354 1997 388 2038 3,
413 1997 459 2028 24
483 1994 518 2029 si
534 1994 664 2039 plures
689 1994 739 2029 ad
763 2004 825 2028 cu-

81 2053 147 2078 ras
163 2042 276 2076 vitam
289 2042 511 2086 produxero.
532 2061 577 2066 —
597 2039 666 2076 Die
684 2040 825 2085 Repra—

84 2088 270 2125 sentation
302 2088 369 2123 der
400 2088 586 2133 Tempora
615 2087 656 2122 in
689 2088 826 2123 venerit

82 2137 159 2172 und
178 2136 430 2179 anteMbeant,
451 2134 643 2180 abhangig
655 2145 740 2170 vom
754 2133 825 2169 Im-

109 2183 294 2219 erfektum
325 2182 401 2218 und
425 2181 533 2217 nicht
556 2182 596 2216 in
621 2181 827 2217 indirekter

139 2230 185 2265 de
215 2229 267 2265 ist
295 2229 430 2265 hochst
461 2229 579 2264 selten
606 2229 658 2264 im
682 2228 824 2264 Latcin.

82 2277 168 2324 Vgl.
189 2276 262 2313 cic.
282 2289 320 2323 p.
339 2276 456 2312 Balbo
480 2280 525 2312 27
551 2279 584 2311 ct
608 2280 686 2311 erat
711 2287 828 2321 aequa

84 2325 143 2361 lex
167 2345 212 2351 —
237 2328 279 2360 ut
309 2328 452 2360 nostras
482 2324 701 2359 inimicitias
731 2324 828 2359 inter

82 2382 149 2408 nos
199 2382 382 2417 geramus,
438 2372 567 2407 amieis
621 2374 829 2406 nostrorum

84 2419 317 2455 inimicorum
335 2423 576 2463 temperemus.
611 2418 715 2453 Lact.
737 2417 826 2462 opis.

85 2470 119 2510 4,
140 2470 183 2501 13
210 2466 357 2501 exclusa
381 2467 424 2501 de
447 2466 555 2501 rebus
577 2465 750 2501 humanis
772 2465 828 2500 di-

85 2514 175 2550 vina
207 2514 442 2558 providentia
477 2513 677 2549 necessario
710 2522 829 2557 seque-

88 2561 198 2596 batur
216 2563 258 2595 ut
276 2561 399 2595 omnia
416 2571 486 2595 sua
499 2563 626 2605 sponte
637 2561 712 2595 sint
724 2562 828 2595 nata.

88 2607 163 2643 Der
177 2606 445 2643 Schriftsteller
464 2607 542 2643 will
560 2606 829 2650 hervorheben,

89 2654 170 2690 dass
204 2654 271 2695 das
306 2653 468 2700 Gesagte
501 2653 562 2689 fiir
595 2654 656 2689 die
688 2653 831 2700 Gegen·

87 2702 184 2737 wart
208 2701 280 2747 gilt
298 2701 387 2737 oder
405 2700 608 2747 allgemein
626 2701 751 2746 giiltig
769 2701 830 2735 ist.

88 2747 268 2794 Dagegen
316 2748 367 2785 ist
414 2748 475 2784 die
517 2747 833 2793 Reprasentation

89 2795 129 2830 in
149 2795 229 2877 ἕσις
252 2795 474 2878 {adirekten
503 2795 607 2831 Rede
641 2806 736 2841 ganz
769 2805 831 2840 ge-

92 2845 148 2877 wo
176 2843 251 2878 nic
279 2869 287 2877 .

897 1621 942 1652 14
960 1628 1018 1653 res
1032 1638 1076 1643 —
1090 1618 1140 1653 ad
1158 1617 1408 1652 renovandum
1432 1616 1565 1651 bellum
1587 1626 1642 1651 rc-

895 1665 1080 1700 virescent.
1113 1663 1250 1700 Cornif.
1270 1667 1304 1708 4,
1325 1667 1371 1698 34
1395 1664 1450 1700 rei
1470 1663 1644 1708 publicae

895 1712 990 1748 vires
1014 1712 1147 1748 virtute
1168 1711 1400 1756 optimatium
1418 1711 1641 1746 revirescent.

897 1779 942 1785 —
967 1759 1119 1803 occulti,
1147 1759 1218 1794 wie
1243 1757 1321 1794 Liv.
1347 1761 1405 1802 25,
1431 1761 1494 1802 28,
1520 1761 1542 1792 6
1572 1757 1644 1801 fre-

897 1817 990 1842 mere
1013 1806 1154 1842 occulti.

945 1856 978 1888 5.
1012 1857 1131 1898 teyens
1163 1853 1257 1888 statt
1287 1850 1390 1887 eines
1416 1850 1643 1887 Verbalsub-

897 1900 1069 1944 stantivs,
1095 1899 1165 1935 wie
1185 1910 1242 1944 cp.
1262 1902 1308 1934 34
1333 1901 1367 1934 et
1386 1898 1522 1934 Caesar
1547 1897 1645 1933 truci

895 1947 1002 1982 vultu
1031 1946 1273 1990 defensionem
1309 1945 1502 1990 accipiens.
1557 1943 1645 1979 Viel

896 1993 1065 2037 haufiger
1101 1992 1152 2027 ist
1184 1992 1224 2028 in
1264 1991 1386 2027 dieser
1422 1991 1645 2036 Bedeutung

897 2040 964 2075 das
990 2039 1153 2085 Partizip
1179 2039 1244 2074 des
1268 2039 1428 2074 Passivs.

946 2091 978 2122 7.
997 2087 1102 2131 ferox
1119 2087 1302 2130 scelerum,
1322 2085 1393 2121 wie
1410 2089 1441 2129 1,
1455 2089 1500 2121 32
1515 2085 1643 2122 animi.

897 2133 986 2169 hist.
1015 2138 1052 2178 1,
1078 2137 1123 2169 35
1149 2134 1307 2180 linquae.
1359 2132 1467 2168 Ovid.
1493 2133 1582 2168 met.
1609 2135 1642 2177 8,

898 2184 969 2216 614
993 2182 1190 2227 mentisque
1218 2181 1334 2225 ferox.
1386 2180 1498 2216 Sonat
1527 2190 1644 2224 unge-

896 2228 1127 2264 br‘auchlich.
1157 2249 1200 2253 —
1222 2227 1416 2273 provenire
1444 2226 1538 2263 statt
1555 2236 1645 2272 pro-

897 2286 997 2321 spere
1014 2276 1199 2311 succedere
1217 2274 1441 2321 ,‚gelingen“
1460 2274 1531 2309 wie
1554 2279 1584 2318 1,
1600 2276 1645 2308 19

897 2323 964 2358 ubi
983 2324 1110 2368 prima
1122 2323 1375 2368 provenissent
1392 2320 1469 2356 und
1489 2319 1587 2356 &fter
1604 2320 1646 2355 in

899 2370 971 2406 den
990 2369 1181 2405 Historien
1199 2370 1275 2405 und
1293 2368 1483 2411 Annalem
1502 2365 1647 2402 ‘ausser-

901 2417 986 2452 dem
1016 2428 1086 2452 nur
1110 2417 1171 2451 bei
1197 2415 1294 2452 Ovid
1318 2416 1396 2451 und
1422 2416 1572 2451 Sueton.
1600 2433 1646 2440 —

900 2465 1063 2500 volutare
1086 2475 1215 2508 secum,
1240 2463 1312 2499 wie
1341 2467 1396 2507 13,
1424 2465 1478 2498 15.
1523 2461 1648 2496 animo

900 2511 988 2547 hist.
1015 2515 1048 2555 2,
1074 2514 1131 2547 49.
1175 2512 1279 2546 intra
1310 2510 1476 2545 animum
1500 2519 1584 2543 ann.
1610 2510 1646 2543 4.

902 2562 959 2593 40.
996 2557 1120 2593 Schon
1140 2557 1213 2593 Cic.
1234 2557 1280 2592 de
1305 2567 1382 2602 rep.
1406 2560 1436 2600 1,
1460 2559 1502 2591 17
1522 2555 1647 2591 animo

901 2606 1076 2641 volutare.

951 2655 983 2687 9.
1009 2652 1145 2697 sparqi.
1171 2649 1347 2696 Vg1.cic.
1366 2650 1404 2685 in
1426 2648 1534 2684 Catil.
1554 2651 1586 2692 2,
1604 2651 1648 2683 10

903 2710 1072 2745 sparyerc
1095 2709 1232 2734 venena
1256 2698 1474 2733 didicerunt.

953 2750 1007 2782 10.
1039 2745 1315 2790 inpenetrabilis
1339 2741 1649 2788 ‚,unzugangli0h,

904 2792 1194 2837 unbesiegbar“;
1220 2792 1259 2827 in
1284 2791 1406 2827 dieser
1432 2790 1650 2834 Bedeutnng

905 2852 975 2876 nur
998 2840 1091 2884 hier,
1116 2839 1178 2875 bei
1204 2839 1345 2874 Seneca
1369 2838 1446 2873 und
1471 2836 1594 2872 Silius.
