1794 3126
194 109 279 152 150
623 109 851 145 CORNELII
876 109 1039 146 ΤΑΟΙΤΙ
1063 108 1324 146 ANNALIUM

192 220 319 273 atque
355 217 468 261 ferro
506 220 712 261 vastatur.
775 218 848 260 sed
884 217 992 260 nihil
1029 232 1161 274 aeque
1193 233 1321 273 quam
1351 218 1488 262 fames
1520 219 1754 275 adfligebat

192 277 381 320 serendis
418 277 613 334 frugibus
652 277 906 331 incuriosos,
944 280 987 319 et
1019 278 1138 320 omni
1169 280 1310 320 aetate
1342 277 1394 320 ad
1429 278 1585 320 bellum
1617 292 1754 335 versa,

191 336 293 379 dum
324 339 496 380 nostros
528 339 791 379 commeatus
823 336 906 378 sibi
936 336 1167 379 destinant.
1218 339 1452 392 gentesque
1481 337 1750 392 praeferoces

126 407 169 439 10
193 395 357 439 tardius
390 396 442 438 ad
473 411 623 451 pacem
653 395 936 451 inclinabant,
970 396 1071 451 quia
1101 396 1237 438 Iulius
1270 395 1557 439 Classicianus
1589 411 1754 440 succes-

195 470 267 498 sor
298 454 406 498 Cato
438 456 594 497 missus
626 458 670 497 et
700 454 903 497 Suetonio
935 454 1098 497 discors
1129 456 1291 498 bonum
1321 456 1541 511 publicum
1574 456 1752 511 privatis

195 514 487 557 simultatibus
526 514 789 569 impediebat
825 513 1165 570 disperseratque
1202 529 1362 556 novum
1398 515 1589 570 legatum
1627 529 1754 571 oppe—

192 574 386 615 riendum
429 588 541 628 esse,
580 573 669 614 sine
706 572 858 614 hostili
893 573 958 615 ira
995 575 1038 615 et
1076 573 1276 630 superbia
1313 574 1486 616 victoris
1524 574 1756 617 clementer

196 632 352 674 deditis
385 632 692 674 consulturum.
743 631 872 673 simul
901 633 947 674 in
977 632 1127 674 urbem
1158 633 1406 687 mandabat,
1435 633 1602 675 nullum
1633 647 1754 689 proe-

125 702 167 734 15
195 691 351 733 liorum
394 692 525 733 finem
563 692 876 747 exspectarent,
918 691 1003 733 nisi
1040 693 1333 734 succederetur
1371 691 1594 747 Suetonio,
1635 692 1755 735 cuius

195 750 375 793 adversa
405 750 611 805 pravitati
641 750 796 805 ipsius,
826 765 1030 806 prospera
1062 750 1116 792 ad
1145 750 1363 793 fortunam
1394 751 1617 794 referebat.

124 810 180 852 39
311 809 451 865 Igitur
479 809 532 851 ad
552 809 830 864 spectandum
850 808 1101 852 Britanniae
1122 811 1282 851 statum
1306 811 1463 853 missus
1489 813 1555 853 est
1580 825 1602 853 e
1627 811 1755 853 liber-

194 868 252 911 tis
283 867 537 923 Polyclitus,
575 882 735 924 magna
764 868 951 911 Neronis
990 883 1065 924 spe
1102 883 1228 924 posse
1260 869 1514 912 auctoritate
1546 870 1636 912 eius
1665 884 1755 913 non

196 928 323 970 modo
355 928 467 970 inter
497 928 688 983 legatum
713 930 1119 983 procuratoremque
1152 928 1420 970 concordiam
1451 929 1584 985 gigni,
1617 929 1690 972 sed
1715 931 1758 971 et

194 987 377 1029 rebelles
408 987 641 1029 barbarum
673 987 840 1029 animos
873 1002 979 1042 pace
1008 987 1204 1042 conponi.
1253 1001 1331 1029 nec
1356 987 1494 1030 defuit
1517 987 1756 1042 Polyclitus

150 1057 171 1089 5
197 1061 281 1100 quo
313 1047 455 1088 minus
487 1046 652 1102 ingenti
683 1047 853 1101 agmine
879 1046 1030 1088 Italiae
1057 1046 1307 1101 Galliaeque
1339 1046 1497 1102 gravis,
1527 1050 1758 1102 postquam

197 1105 415 1149 Oceanum
452 1106 774 1161 transmiserat,
810 1106 1023 1148 militibus
1061 1120 1228 1161 quoque
1265 1106 1425 1148 nostris
1457 1105 1664 1148 terribilis
1693 1107 1757 1148 in-

193 1165 373 1207 cederet.
438 1165 511 1207 sed
548 1165 746 1207 hostibus
780 1165 932 1207 inrisui
962 1165 1062 1220 fuit,
1101 1165 1214 1220 apud
1246 1179 1353 1220 quos
1384 1165 1596 1208 flaorante
1627 1165 1757 1207 etiam

192 1227 286 1266 tum
311 1224 512 1266 libertate
537 1225 729 1267 nondum
754 1225 928 1280 cognita
955 1224 1252 1266 libertinorum
1278 1199 1471 1279 potenti}
1496 1227 1605 1279 erat3
1629 1224 1757 1266 mira·

194 1284 434 1338 banturque
467 1284 580 1338 quod
612 1284 695 1326 dux
727 1286 771 1326 et
802 1284 1013 1326 exercitus
1045 1284 1157 1325 tanti
1188 1283 1291 1325 belli
1322 1283 1540 1326 confector
1568 1283 1757 1326 servitiis

125 1355 168 1387 10
196 1343 456 1385 oboedirent.
519 1345 670 1385 cuncta
707 1345 855 1385 tamen
893 1343 948 1385 ad
984 1343 1288 1398 imperatorem
1326 1343 1370 1384 in
1402 1342 1573 1385 mollius
1603 1343 1757 1397 relata3

196 1402 477 1457 detentusque
502 1402 629 1444 rebus
656 1403 857 1458 gerundis
879 1401 1120 1456 Suetonius,
1146 1402 1258 1458 quod
1277 1405 1429 1456 postea
1447 1416 1607 1457 paucas
1626 1415 1757 1444 naves

192 1461 240 1502 in
269 1461 396 1503 litore
427 1462 738 1517 remigiumque
769 1462 816 1503 in
847 1462 899 1503 iis
933 1461 1148 1516 amiserat,
1178 1464 1401 1516 tamquam
1426 1461 1606 1503 durante
1629 1460 1757 1515 bello,

191 1520 359 1562 tradere
391 1521 624 1563 exercitum
649 1520 854 1563 Petronio
881 1520 1146 1575 Turpiliano,
1179 1520 1253 1575 qui
1277 1521 1364 1562 iam
1391 1521 1616 1563 consulatu
1641 1519 1754 1562 ahie·-

193 1617 226 1657 1,
253 1614 312 1658 51)
337 1612 414 1647 und
437 1614 584 1658 flamma
603 1624 646 1648 ae
664 1614 762 1657 ferro
780 1613 842 1649 bei
861 1613 935 1648 Cic.

190 1671 293 1706 prov.
320 1671 418 1695 cons.
447 1664 500 1696 10.

1056 1612 1118 1648 39.
1155 1616 1188 1648 4.
1219 1611 1289 1647 Die
1314 1612 1508 1647 verki‘irzte
1534 1612 1644 1647 Form
1670 1612 1753 1647 bar·

1009 1661 1139 1695 barum
1164 1660 1264 1694 steht
1283 1659 1378 1694 auch
1400 1663 1454 1704 15,
1474 1663 1519 1695 25
1539 1670 1580 1694 so
1600 1659 1672 1694 wie
1691 1658 1754 1694 bei

241 1711 272 1743 7.
292 1698 393 1742 T‘Jber
412 1718 521 1752 aeque
539 1719 648 1752 quam
666 1707 718 1742 im
738 1707 936 1753 negativen
1009 1706 1138 1742 Cicero
1163 1707 1240 1742 und
1264 1707 1402 1752 Nepos.

194 1754 300 1790 Satze
325 1766 352 1789 s.
379 1754 474 1790 Einl.
500 1758 531 1797 ξ.
559 1759 614 1790 93.

239 1805 272 1838 8.
299 1802 507 1837 incuriosus
531 1802 602 1836 mit
626 1802 711 1837 dem
729 1801 843 1837 Dativ
867 1814 936 1837 nur

1056 1758 1088 1790 5.
1115 1765 1184 1799 quo
1208 1755 1330 1789 miuus
1356 1754 1450 1789 statt
1474 1754 1576 1798 quin,
1600 1753 1671 1788 wie
1699 1756 1754 1796 13,

1010 1805 1054 1836 14
1091 1813 1204 1846 neque
1236 1802 1421 1846 principis
1456 1801 1610 1836 auribus
1639 1800 1751 1835 absti—

191 1849 273 1884 hier
292 1849 367 1884 und
386 1849 471 1884 hist.
492 1853 525 1892 2,
548 1853 602 1894 14,
629 1851 731 1885 sonst
754 1849 936 1884 sechsmal
1007 1860 1091 1884 nere
1107 1860 1176 1894 quo
1193 1850 1315 1884 minus
1328 1852 1530 1884 testaretur.
1555 1847 1750 1894 Vgl.Ein1.

194 1896 266 1931 mit
291 1896 374 1931 dem
401 1896 570 1932 Genetiv.

243 1948 275 1980 9.
301 1947 497 1989 yentesque.
551 1944 652 1979 Statt
676 1955 743 1989 que
769 1944 942 1978 erwartet

194 2002 282 2026 man
302 1991 383 2026 eine
402 1992 638 2026 adversative
660 1990 837 2026 Partikel.
869 1991 939 2025 Ta-

194 2038 288 2074 citus
309 2038 377 2073 hat
395 2038 496 2074 diese
515 2039 681 2084 logische
699 2037 943 2084 Verbindung

192 2086 493 2131 vernachl'assigt
506 2088 582 2120 und
596 2086 704 2120 daffir
718 2085 777 2121 die
791 2085 940 2120 lockere

194 2133 414 2179 kopulative
461 2133 717 2178 Ankni'ipfung
765 2132 939 2178 gewahlt.

192 2180 286 2216 Eine
316 2180 442 2215 Lficke
473 2181 634 2215 braucht
665 2192 752 2215 man
784 2180 940 2215 deshalb

193 2228 298 2263 nicht
322 2239 366 2262 zu
392 2227 604 2263 statuieren.

243 2279 296 2310 11.
337 2275 469 2309 bortum
505 2275 557 2309 ist
594 2275 730 2310 ebenso
769 2275 939 2310 substan-

194 2322 322 2358 tiviert
341 2322 409 2357 wie
430 2326 462 2366 3,
479 2326 522 2357 70
543 2323 724 2367 eyreyium
740 2323 939 2366 publicum.

198 2370 232 2405 S.
253 2369 350 2405 Einl.
378 2372 407 2412 ξ.
435 2373 467 2413 5,
493 2368 526 2405 b.
569 2369 692 2404 Schon
717 2369 779 2404 bei
799 2369 941 2404 Sallust

196 2416 304 2453 Catil.
326 2421 371 2452 38
397 2417 530 2452 bonum
550 2417 741 2461 publicum
764 2417 940 2451 simulari-

195 2468 246 2500 tes
284 2465 359 2499 und
392 2463 432 2499 in
462 2463 672 2499 {ihnlichem
705 2464 940 2498 Zusammen-

196 2512 319 2556 hange
338 2511 408 2546 wie
428 2512 540 2546 oben:
565 2511 650 2556 Jug.
669 2515 714 2546 25
733 2512 789 2546 ita
808 2511 942 2546 bonum

190 2560 381 2604 publicum
395 2579 437 2583 —
446 2559 602 2603 privata
614 2559 739 2604 qratia
752 2559 938 2594 devictum.

247 2610 301 2641 12.
327 2606 633 2650 disperseratque,
660 2606 729 2640 wie
754 2609 787 2649 4,
813 2608 861 2639 24
885 2606 940 2640 di·

196 2664 318 2698 sperso
348 2664 501 2689 rumore.
553 2652 600 2688 So
635 2653 710 2688 erst
734 2653 786 2688 im
812 2651 942 2688 silber-

195 2712 268 2736 nen
293 2699 436 2736 Latein.

245 2752 301 2783 16.
333 2747 404 2783 Mit
435 2747 519 2782 dem
545 2747 658 2783 Dativ
684 2747 868 2792 pravitati
891 2747 942 2782 ist

197 2794 258 2829 die
282 2794 519 2840 Prapositzion
544 2795 593 2830 ad
618 2793 847 2830 koordiniert
872 2794 941 2829 wie

194 2845 228 2885 4,
268 2845 313 2877 46
347 2845 555 2887 promptum
593 2842 754 2877 libertati
791 2845 856 2877 aut
893 2842 942 2876 ad

194 2892 340 2924 mortem
366 2890 547 2932 animum,
573 2889 650 2924 und
676 2888 782 2924 oster.

1063 1948 1094 1980 6.
1115 1944 1297 1979 terribilis.
1323 1943 1374 1978 Er
1386 1942 1588 1978 verbreitet
1601 1941 1756 1978 Schrek-

1013 1992 1098 2035 ken,
1127 1991 1214 2026 weil
1239 2002 1278 2026 er
1303 1990 1362 2026 ein
1387 1990 1596 2035 machtiger
1620 1989 1757 2025 Gfinst-

1014 2039 1066 2074 lin
1118 2038 1178 2075 ist.

1063 2050 1094 2121 ξ.
1119 2086 1257 2121 inrisui
1281 2085 1377 2120 auch
1400 2084 1486 2120 hist.
1510 2088 1540 2129 1,
1562 2087 1592 2119 7.
1618 2083 1759 2119 derisui

1012 2133 1101 2179 Agr.
1128 2137 1184 2168 39.
1220 2132 1420 2168 deridiculo
1445 2143 1527 2167 ann.
1553 2135 1587 2175 3,
1613 2134 1670 2167 57.
1720 2130 1758 2168 S.

1013 2180 1110 2216 Einl.
1136 2184 1166 2223 ξ.
1192 2184 1247 2224 31,
1274 2191 1306 2215 a.

1061 2233 1092 2263 9.
1126 2228 1315 2270 confector.
1366 2226 1440 2261 Der
1466 2224 1656 2271 Singular,
1686 2223 1757 2260 wie

1016 2281 1046 2319 1,
1087 2278 1131 2310 70
1171 2274 1358 2310 Gaesarem
1401 2273 1663 2318 exercitumque
1703 2282 1757 2308 re-

1012 2324 1147 2358 ducem.

1063 2373 1116 2404 10.
1161 2370 1202 2404 in
1239 2369 1384 2404 mollius
1416 2368 1544 2402 relata.
1593 2358 1757 2401 Khnlich

1015 2421 1069 2461 13,
1099 2420 1143 2451 14
1167 2418 1209 2451 iri
1233 2416 1389 2452 deterius
1412 2415 1554 2459 referre.
1598 2405 1697 2449 Uber
1714 2413 1757 2448 in

1013 2464 1278 2499 consecutivum
1303 2475 1330 2498 s.
1357 2461 1452 2497 Einl.
1477 2465 1508 2504 §.
1533 2463 1590 2496 49.

1063 2515 1117 2545 11.
1143 2511 1248 2546 rebus
1265 2510 1440 2555 yeruridis
1457 2508 1508 2543 ist
1525 2505 1647 2543 Dativ.
1682 2506 1757 2542 Der

1015 2558 1121 2593 Sinn:
1153 2570 1241 2593 man
1272 2556 1354 2592 liess
1379 2556 1445 2591 ihn
1468 2555 1520 2590 im
1544 2555 1666 2599 Amte,
1691 2553 1756 2588 da.-

1011 2605 1082 2641 mit
1106 2616 1145 2640 er
1171 2607 1234 2641 ctt.

1063 2656 1116 2688 12.
1149 2653 1284 2688 dwrare
1316 2649 1576 2696 ‚,fortdauern“
1601 2648 1696 2684 auch
1724 2651 1756 2692 1,

1013 2704 1070 2736 30.
1103 2704 1136 2744 3,
1171 2704 1213 2735 16
1243 2699 1319 2734 und
1351 2698 1463 2741 oster,
1494 2695 1756 2741 ursprfinglioh

1013 2747 1256 2791 dichterisch,
1287 2747 1326 2781 in
1357 2745 1422 2780 der
1446 2743 1561 2778 Prosa
1585 2743 1661 2778 erst
1685 2741 1758 2778 seit

1014 2794 1180 2829 Curtius:
1218 2799 1251 2838 3,
1283 2797 1315 2837 4,
1350 2795 1394 2826 10
1428 2792 1470 2825 in
1500 2790 1632 2835 quibus
1660 2789 1757 2825 nihil

1011 2845 1157 2886 praeter
1168 2841 1316 2887 famam
1339 2839 1547 2874 duraverat.

1065 2893 1117 2925 13.
1151 2879 1250 2923 Uber
1288 2886 1484 2921 Petronius
1525 2896 1552 2920 s.
1586 2883 1659 2930 ΚΡ.
1698 2886 1754 2920 29.
