<?xml version="1.0" encoding="UTF-8"?>
<!DOCTYPE html PUBLIC "-//W3C//DTD XHTML 1.0 Transitional//EN"
    "http://www.w3.org/TR/xhtml1/DTD/xhtml1-transitional.dtd">
<html xmlns="http://www.w3.org/1999/xhtml" xml:lang="en" lang="en">
 <head>
  <title>
</title>
<meta http-equiv="Content-Type" content="text/html;charset=utf-8" />
  <meta name='ocr-system' content='tesseract 3.04.00' />
  <meta name='ocr-capabilities' content='ocr_page ocr_carea ocr_par ocr_line ocrx_word'/>
</head>
<body>
  <div class='ocr_page' id='page_1' title='image "./dieannalen01taciuoft_0222.png"; bbox 0 0 1820 3100; ppageno 0'>
   <div class='ocr_carea' id='block_1_1' title="bbox 98 73 1781 1766">
    <p class='ocr_par' dir='ltr' id='par_1_1' title="bbox 196 73 1759 415">
     <span class='ocr_line' id='line_1_1' title="bbox 197 73 1331 117; baseline -0.001 -6"><span class='ocrx_word' id='word_1_1' title='bbox 197 74 286 117; x_wconf 84' lang='lat'><strong>210</strong></span> <span class='ocrx_word' id='word_1_2' title='bbox 631 74 860 111; x_wconf 85' lang='lat' dir='ltr'>CORNELII</span> <span class='ocrx_word' id='word_1_3' title='bbox 883 73 1046 111; x_wconf 83' lang='lat' dir='ltr'>TACITI</span> <span class='ocrx_word' id='word_1_4' title='bbox 1071 74 1331 111; x_wconf 83' lang='lat' dir='ltr'>ANNALIUM</span> 
     </span>
     <span class='ocr_line' id='line_1_2' title="bbox 197 182 1758 239; baseline 0.001 -14"><span class='ocrx_word' id='word_1_5' title='bbox 197 182 387 239; x_wconf 75' lang='lat' dir='ltr'><strong>Augusti</strong></span> <span class='ocrx_word' id='word_1_6' title='bbox 424 183 599 238; x_wconf 89' lang='lat' dir='ltr'><strong>publica</strong></span> <span class='ocrx_word' id='word_1_7' title='bbox 635 183 819 237; x_wconf 92' lang='lat' dir='ltr'><strong>pecunia</strong></span> <span class='ocrx_word' id='word_1_8' title='bbox 855 185 1001 238; x_wconf 89' lang='lat' dir='ltr'><strong>patres</strong></span> <span class='ocrx_word' id='word_1_9' title='bbox 1045 182 1287 238; x_wconf 87' lang='lat' dir='ltr'><strong>decrevere,</strong></span> <span class='ocrx_word' id='word_1_10' title='bbox 1330 182 1441 238; x_wconf 88' lang='lat' dir='ltr'><strong>apud</strong></span> <span class='ocrx_word' id='word_1_11' title='bbox 1479 196 1587 238; x_wconf 88' lang='lat' dir='ltr'><strong>quos</strong></span> <span class='ocrx_word' id='word_1_12' title='bbox 1624 183 1758 227; x_wconf 85' lang='lat' dir='ltr'><strong>etiam</strong></span> 
     </span>
     <span class='ocr_line' id='line_1_3' title="bbox 196 240 1759 297; baseline 0.002 -14"><span class='ocrx_word' id='word_1_13' title='bbox 196 244 289 284; x_wconf 91' lang='lat' dir='ltr'><strong>tum</strong></span> <span class='ocrx_word' id='word_1_14' title='bbox 328 244 481 288; x_wconf 85' lang='lat' dir='ltr'><strong>cuncta</strong></span> <span class='ocrx_word' id='word_1_15' title='bbox 517 242 833 297; x_wconf 73' lang='lat' dir='ltr'><strong>tractabantur,</strong></span> <span class='ocrx_word' id='word_1_16' title='bbox 873 242 978 284; x_wconf 88' lang='lat' dir='ltr'><strong>adeo</strong></span> <span class='ocrx_word' id='word_1_17' title='bbox 1018 243 1067 284; x_wconf 89' lang='lat' dir='ltr'><strong>ut</strong></span> <span class='ocrx_word' id='word_1_18' title='bbox 1105 243 1361 297; x_wconf 87' lang='lat' dir='ltr'><strong>procurator</strong></span> <span class='ocrx_word' id='word_1_19' title='bbox 1399 240 1530 283; x_wconf 86' lang='lat' dir='ltr'><strong>Asiae</strong></span> <span class='ocrx_word' id='word_1_20' title='bbox 1567 241 1759 286; x_wconf 78' lang='lat' dir='ltr'><strong>Lucilius</strong></span> 
     </span>
     <span class='ocr_line' id='line_1_4' title="bbox 197 299 1758 355; baseline 0 -12"><span class='ocrx_word' id='word_1_21' title='bbox 197 299 353 355; x_wconf 79' lang='lat' dir='ltr'><strong>Capito</strong></span> <span class='ocrx_word' id='word_1_22' title='bbox 395 303 619 343; x_wconf 74' lang='lat' dir='ltr'><strong>accusante</strong></span> <span class='ocrx_word' id='word_1_23' title='bbox 657 301 882 355; x_wconf 86' lang='lat' dir='ltr'><strong>provincia</strong></span> <span class='ocrx_word' id='word_1_24' title='bbox 922 315 1095 343; x_wconf 90' lang='lat' dir='ltr'><strong>causam</strong></span> <span class='ocrx_word' id='word_1_25' title='bbox 1137 300 1310 354; x_wconf 88' lang='lat' dir='ltr'><strong>dixerit,</strong></span> <span class='ocrx_word' id='word_1_26' title='bbox 1350 313 1509 355; x_wconf 87' lang='lat' dir='ltr'><strong>magna</strong></span> <span class='ocrx_word' id='word_1_27' title='bbox 1549 314 1645 342; x_wconf 90' lang='lat' dir='ltr'><strong>cum</strong></span> <span class='ocrx_word' id='word_1_28' title='bbox 1686 301 1758 343; x_wconf 90' lang='lat' dir='ltr'><strong>ad-</strong></span> 
     </span>
     <span class='ocr_line' id='line_1_5' title="bbox 198 358 1757 415; baseline 0.001 -14"><span class='ocrx_word' id='word_1_29' title='bbox 198 360 468 402; x_wconf 86' lang='lat' dir='ltr'><strong>severatione</strong></span> <span class='ocrx_word' id='word_1_30' title='bbox 504 359 734 415; x_wconf 90' lang='lat' dir='ltr'><strong>principis,</strong></span> <span class='ocrx_word' id='word_1_31' title='bbox 770 374 860 402; x_wconf 89' lang='lat' dir='ltr'><strong>non</strong></span> <span class='ocrx_word' id='word_1_32' title='bbox 899 374 945 402; x_wconf 91' lang='lat' dir='ltr'><strong>se</strong></span> <span class='ocrx_word' id='word_1_33' title='bbox 983 359 1050 401; x_wconf 89' lang='lat' dir='ltr'><strong>ius</strong></span> <span class='ocrx_word' id='word_1_34' title='bbox 1081 359 1162 401; x_wconf 90' lang='lat' dir='ltr'><strong>nisi</strong></span> <span class='ocrx_word' id='word_1_35' title='bbox 1195 360 1240 401; x_wconf 90' lang='lat' dir='ltr'><strong>in</strong></span> <span class='ocrx_word' id='word_1_36' title='bbox 1272 358 1448 401; x_wconf 80' lang='lat' dir='ltr'><strong>servitia</strong></span> <span class='ocrx_word' id='word_1_37' title='bbox 1480 360 1523 400; x_wconf 89' lang='lat' dir='ltr'><strong>et</strong></span> <span class='ocrx_word' id='word_1_38' title='bbox 1552 359 1757 413; x_wconf 82' lang='lat' dir='ltr'><strong>pecunias</strong></span> 
     </span>
    </p>

    <p class='ocr_par' dir='ltr' id='par_1_2' title="bbox 124 417 1781 708">
     <span class='ocr_line' id='line_1_6' title="bbox 124 417 1760 474; baseline 0.001 -14"><span class='ocrx_word' id='word_1_39' title='bbox 124 429 170 461; x_wconf 88' lang='lat'><strong>10</strong></span> <span class='ocrx_word' id='word_1_40' title='bbox 195 417 433 460; x_wconf 82' lang='lat' dir='ltr'><strong>familiares</strong></span> <span class='ocrx_word' id='word_1_41' title='bbox 465 418 649 473; x_wconf 82' lang='lat' dir='ltr'><strong>dedisse3</strong></span> <span class='ocrx_word' id='word_1_42' title='bbox 681 418 797 474; x_wconf 89' lang='lat' dir='ltr'><strong>quod</strong></span> <span class='ocrx_word' id='word_1_43' title='bbox 829 418 866 460; x_wconf 92' lang='lat' dir='ltr'><strong>si</strong></span> <span class='ocrx_word' id='word_1_44' title='bbox 896 418 985 460; x_wconf 88' lang='lat' dir='ltr'><strong>vim</strong></span> <span class='ocrx_word' id='word_1_45' title='bbox 1016 418 1227 473; x_wconf 89' lang='lat' dir='ltr'><strong>praetoris</strong></span> <span class='ocrx_word' id='word_1_46' title='bbox 1258 419 1511 473; x_wconf 88' lang='lat' dir='ltr'><strong>usurpasset</strong></span> <span class='ocrx_word' id='word_1_47' title='bbox 1541 418 1760 461; x_wconf 85' lang='lat' dir='ltr'><strong>manibus·</strong></span> 
     </span>
     <span class='ocr_line' id='line_1_7' title="bbox 197 476 1758 532; baseline 0.001 -13"><span class='ocrx_word' id='word_1_48' title='bbox 197 491 278 531; x_wconf 90' lang='lat' dir='ltr'><strong>que</strong></span> <span class='ocrx_word' id='word_1_49' title='bbox 316 477 505 519; x_wconf 87' lang='lat' dir='ltr'><strong>militum</strong></span> <span class='ocrx_word' id='word_1_50' title='bbox 541 492 643 519; x_wconf 90' lang='lat' dir='ltr'><strong>usus</strong></span> <span class='ocrx_word' id='word_1_51' title='bbox 681 477 813 532; x_wconf 90' lang='lat' dir='ltr'><strong>foret,</strong></span> <span class='ocrx_word' id='word_1_52' title='bbox 851 479 996 532; x_wconf 78' lang='lat' dir='ltr'><strong>spreta</strong></span> <span class='ocrx_word' id='word_1_53' title='bbox 1026 477 1072 518; x_wconf 91' lang='lat' dir='ltr'><strong>in</strong></span> <span class='ocrx_word' id='word_1_54' title='bbox 1103 491 1152 519; x_wconf 93' lang='lat' dir='ltr'><strong>eo</strong></span> <span class='ocrx_word' id='word_1_55' title='bbox 1186 476 1391 519; x_wconf 89' lang='lat' dir='ltr'><strong>mandata</strong></span> <span class='ocrx_word' id='word_1_56' title='bbox 1428 491 1523 518; x_wconf 87' lang='lat' dir='ltr'><strong>sua:</strong></span> <span class='ocrx_word' id='word_1_57' title='bbox 1561 476 1758 520; x_wconf 84' lang='lat' dir='ltr'><strong>audirent</strong></span> 
     </span>
     <span class='ocr_line' id='line_1_8' title="bbox 196 535 1757 591; baseline 0 -13"><span class='ocrx_word' id='word_1_58' title='bbox 196 535 347 578; x_wconf 88' lang='lat' dir='ltr'><strong>socios.</strong></span> <span class='ocrx_word' id='word_1_59' title='bbox 396 536 459 578; x_wconf 91' lang='lat' dir='ltr'><strong>ita</strong></span> <span class='ocrx_word' id='word_1_60' title='bbox 491 551 587 578; x_wconf 89' lang='lat' dir='ltr'><strong>reus</strong></span> <span class='ocrx_word' id='word_1_61' title='bbox 614 537 788 591; x_wconf 87' lang='lat' dir='ltr'><strong>cognito</strong></span> <span class='ocrx_word' id='word_1_62' title='bbox 815 536 992 590; x_wconf 88' lang='lat' dir='ltr'><strong>negotio</strong></span> <span class='ocrx_word' id='word_1_63' title='bbox 1019 535 1258 578; x_wconf 87' lang='lat' dir='ltr'><strong>damnatur.</strong></span> <span class='ocrx_word' id='word_1_64' title='bbox 1309 535 1364 577; x_wconf 92' lang='lat' dir='ltr'><strong>ob</strong></span> <span class='ocrx_word' id='word_1_65' title='bbox 1391 549 1520 590; x_wconf 90' lang='lat' dir='ltr'><strong>quam</strong></span> <span class='ocrx_word' id='word_1_66' title='bbox 1545 535 1757 578; x_wconf 90' lang='lat' dir='ltr'><strong>ultionem</strong></span> 
     </span>
     <span class='ocr_line' id='line_1_9' title="bbox 195 593 1758 650; baseline 0 -14"><span class='ocrx_word' id='word_1_67' title='bbox 195 596 238 636; x_wconf 88' lang='lat' dir='ltr'><strong>et</strong></span> <span class='ocrx_word' id='word_1_68' title='bbox 269 595 371 650; x_wconf 90' lang='lat' dir='ltr'><strong>quia</strong></span> <span class='ocrx_word' id='word_1_69' title='bbox 401 594 544 649; x_wconf 90' lang='lat' dir='ltr'><strong>priore</strong></span> <span class='ocrx_word' id='word_1_70' title='bbox 576 609 687 636; x_wconf 90' lang='lat' dir='ltr'><strong>anno</strong></span> <span class='ocrx_word' id='word_1_71' title='bbox 721 594 766 636; x_wconf 90' lang='lat' dir='ltr'><strong>in</strong></span> <span class='ocrx_word' id='word_1_72' title='bbox 799 593 845 637; x_wconf 86' lang='lat' dir='ltr'><strong>C.</strong></span> <span class='ocrx_word' id='word_1_73' title='bbox 878 593 1075 636; x_wconf 87' lang='lat' dir='ltr'><strong>Silanum</strong></span> <span class='ocrx_word' id='word_1_74' title='bbox 1105 594 1365 650; x_wconf 84' lang='lat' dir='ltr'><strong>vindicatum</strong></span> <span class='ocrx_word' id='word_1_75' title='bbox 1399 596 1502 648; x_wconf 88' lang='lat' dir='ltr'><strong>erat,</strong></span> <span class='ocrx_word' id='word_1_76' title='bbox 1534 593 1758 636; x_wconf 89' lang='lat' dir='ltr'><strong>decrevere</strong></span> 
     </span>
     <span class='ocr_line' id='line_1_10' title="bbox 194 651 1781 708; baseline 0.001 -13"><span class='ocrx_word' id='word_1_77' title='bbox 194 651 326 695; x_wconf 88' lang='lat' dir='ltr'><strong>Asiae</strong></span> <span class='ocrx_word' id='word_1_78' title='bbox 365 654 492 695; x_wconf 89' lang='lat' dir='ltr'><strong>urbes</strong></span> <span class='ocrx_word' id='word_1_79' title='bbox 531 654 742 708; x_wconf 91' lang='lat' dir='ltr'><strong>templum</strong></span> <span class='ocrx_word' id='word_1_80' title='bbox 782 652 956 694; x_wconf 85' lang='lat' dir='ltr'><strong>Tiberio</strong></span> <span class='ocrx_word' id='word_1_81' title='bbox 997 652 1211 708; x_wconf 84' lang='lat' dir='ltr'><strong>matrique</strong></span> <span class='ocrx_word' id='word_1_82' title='bbox 1253 652 1343 695; x_wconf 89' lang='lat' dir='ltr'><strong>eius</strong></span> <span class='ocrx_word' id='word_1_83' title='bbox 1384 667 1433 694; x_wconf 90' lang='lat' dir='ltr'><strong>ac</strong></span> <span class='ocrx_word' id='word_1_84' title='bbox 1471 652 1652 695; x_wconf 88' lang='lat' dir='ltr'><strong>senatui.</strong></span> <span class='ocrx_word' id='word_1_85' title='bbox 1714 654 1781 698; x_wconf 22' lang='lat' dir='ltr'><strong>et*</strong></span> 
     </span>
    </p>

    <p class='ocr_par' dir='ltr' id='par_1_3' title="bbox 122 709 1758 1001">
     <span class='ocr_line' id='line_1_11' title="bbox 122 709 1758 767; baseline 0 -13"><span class='ocrx_word' id='word_1_86' title='bbox 122 722 166 755; x_wconf 84' lang='lat'><strong>15</strong></span> <span class='ocrx_word' id='word_1_87' title='bbox 192 712 452 766; x_wconf 87' lang='lat' dir='ltr'><strong>permissum</strong></span> <span class='ocrx_word' id='word_1_88' title='bbox 493 714 699 766; x_wconf 84' lang='lat' dir='ltr'><strong>statuere3</strong></span> <span class='ocrx_word' id='word_1_89' title='bbox 741 711 913 767; x_wconf 87' lang='lat' dir='ltr'><strong>egitque</strong></span> <span class='ocrx_word' id='word_1_90' title='bbox 953 709 1071 753; x_wconf 90' lang='lat' dir='ltr'><strong>Nero</strong></span> <span class='ocrx_word' id='word_1_91' title='bbox 1112 713 1257 767; x_wconf 85' lang='lat' dir='ltr'><strong>grates</strong></span> <span class='ocrx_word' id='word_1_92' title='bbox 1298 725 1349 753; x_wconf 89' lang='lat' dir='ltr'><strong>ea</strong></span> <span class='ocrx_word' id='word_1_93' title='bbox 1390 725 1519 753; x_wconf 89' lang='lat' dir='ltr'><strong>causa</strong></span> <span class='ocrx_word' id='word_1_94' title='bbox 1560 711 1758 765; x_wconf 88' lang='lat' dir='ltr'><strong>patribus</strong></span> 
     </span>
     <span class='ocr_line' id='line_1_12' title="bbox 193 770 1755 825; baseline 0.001 -14"><span class='ocrx_word' id='word_1_95' title='bbox 193 773 321 825; x_wconf 90' lang='lat' dir='ltr'><strong>atque</strong></span> <span class='ocrx_word' id='word_1_96' title='bbox 362 785 460 824; x_wconf 86' lang='lat' dir='ltr'><strong>avo,</strong></span> <span class='ocrx_word' id='word_1_97' title='bbox 502 771 641 812; x_wconf 90' lang='lat' dir='ltr'><strong>laetas</strong></span> <span class='ocrx_word' id='word_1_98' title='bbox 682 771 795 812; x_wconf 89' lang='lat' dir='ltr'><strong>inter</strong></span> <span class='ocrx_word' id='word_1_99' title='bbox 841 770 1104 812; x_wconf 89' lang='lat' dir='ltr'><strong>audientium</strong></span> <span class='ocrx_word' id='word_1_100' title='bbox 1147 770 1429 825; x_wconf 87' lang='lat' dir='ltr'><strong>adfectiones,</strong></span> <span class='ocrx_word' id='word_1_101' title='bbox 1473 770 1547 824; x_wconf 92' lang='lat' dir='ltr'><strong>qui</strong></span> <span class='ocrx_word' id='word_1_102' title='bbox 1590 771 1755 813; x_wconf 75' lang='lat' dir='ltr'><strong>recenti</strong></span> 
     </span>
     <span class='ocr_line' id='line_1_13' title="bbox 190 828 1755 883; baseline 0.001 -13"><span class='ocrx_word' id='word_1_103' title='bbox 190 829 398 871; x_wconf 88' lang='lat' dir='ltr'><strong>memoria</strong></span> <span class='ocrx_word' id='word_1_104' title='bbox 417 828 663 871; x_wconf 80' lang='lat' dir='ltr'><strong>Germanici</strong></span> <span class='ocrx_word' id='word_1_105' title='bbox 687 829 810 870; x_wconf 92' lang='lat' dir='ltr'><strong>illum</strong></span> <span class='ocrx_word' id='word_1_106' title='bbox 831 829 976 883; x_wconf 80' lang='lat' dir='ltr'><strong>aspici,</strong></span> <span class='ocrx_word' id='word_1_107' title='bbox 1000 829 1124 870; x_wconf 90' lang='lat' dir='ltr'><strong>illum</strong></span> <span class='ocrx_word' id='word_1_108' title='bbox 1145 828 1283 870; x_wconf 88' lang='lat' dir='ltr'><strong>audiri</strong></span> <span class='ocrx_word' id='word_1_109' title='bbox 1301 829 1519 871; x_wconf 86' lang='lat' dir='ltr'><strong>rebantur.</strong></span> <span class='ocrx_word' id='word_1_110' title='bbox 1557 828 1755 872; x_wconf 86' lang='lat' dir='ltr'><strong>aderant-</strong></span> 
     </span>
     <span class='ocr_line' id='line_1_14' title="bbox 192 887 1756 943; baseline 0.001 -14"><span class='ocrx_word' id='word_1_111' title='bbox 192 901 273 942; x_wconf 90' lang='lat' dir='ltr'><strong>que</strong></span> <span class='ocrx_word' id='word_1_112' title='bbox 304 888 448 930; x_wconf 85' lang='lat' dir='ltr'><strong>iuveni</strong></span> <span class='ocrx_word' id='word_1_113' title='bbox 488 887 701 930; x_wconf 89' lang='lat' dir='ltr'><strong>modestia</strong></span> <span class='ocrx_word' id='word_1_114' title='bbox 738 902 787 930; x_wconf 91' lang='lat' dir='ltr'><strong>ac</strong></span> <span class='ocrx_word' id='word_1_115' title='bbox 824 888 967 930; x_wconf 90' lang='lat' dir='ltr'><strong>forma</strong></span> <span class='ocrx_word' id='word_1_116' title='bbox 1005 887 1197 942; x_wconf 85' lang='lat' dir='ltr'><strong>principe</strong></span> <span class='ocrx_word' id='word_1_117' title='bbox 1234 887 1326 929; x_wconf 87' lang='lat' dir='ltr'><strong>viro</strong></span> <span class='ocrx_word' id='word_1_118' title='bbox 1366 887 1516 943; x_wconf 85' lang='lat' dir='ltr'><strong>digna,</strong></span> <span class='ocrx_word' id='word_1_119' title='bbox 1551 887 1670 930; x_wconf 89' lang='lat' dir='ltr'><strong>notis</strong></span> <span class='ocrx_word' id='word_1_120' title='bbox 1709 887 1756 930; x_wconf 92' lang='lat' dir='ltr'><strong>in</strong></span> 
     </span>
     <span class='ocr_line' id='line_1_15' title="bbox 193 945 1206 1001; baseline -0.001 -13"><span class='ocrx_word' id='word_1_121' title='bbox 193 960 293 988; x_wconf 92' lang='lat' dir='ltr'><strong>eum</strong></span> <span class='ocrx_word' id='word_1_122' title='bbox 326 945 472 988; x_wconf 90' lang='lat' dir='ltr'><strong>Seiani</strong></span> <span class='ocrx_word' id='word_1_123' title='bbox 504 946 616 988; x_wconf 91' lang='lat' dir='ltr'><strong>odiis</strong></span> <span class='ocrx_word' id='word_1_124' title='bbox 649 947 703 989; x_wconf 92' lang='lat' dir='ltr'><strong>ob</strong></span> <span class='ocrx_word' id='word_1_125' title='bbox 735 946 973 1001; x_wconf 89' lang='lat' dir='ltr'><strong>periculum</strong></span> <span class='ocrx_word' id='word_1_126' title='bbox 1004 946 1206 1001; x_wconf 87' lang='lat' dir='ltr'><strong>gratiora.</strong></span> 
     </span>
    </p>

    <p class='ocr_par' dir='ltr' id='par_1_4' title="bbox 121 1002 1757 1237">
     <span class='ocr_line' id='line_1_16' title="bbox 121 1002 1757 1060; baseline -0.001 -12"><span class='ocrx_word' id='word_1_127' title='bbox 121 1005 176 1048; x_wconf 88' lang='lat'><strong>16</strong></span> <span class='ocrx_word' id='word_1_128' title='bbox 311 1003 398 1047; x_wconf 85' lang='lat' dir='ltr'><strong>Sub</strong></span> <span class='ocrx_word' id='word_1_129' title='bbox 431 1005 544 1047; x_wconf 90' lang='lat' dir='ltr'><strong>idem</strong></span> <span class='ocrx_word' id='word_1_130' title='bbox 581 1007 753 1060; x_wconf 90' lang='lat' dir='ltr'><strong>tempus</strong></span> <span class='ocrx_word' id='word_1_131' title='bbox 785 1005 837 1046; x_wconf 89' lang='lat' dir='ltr'><strong>de</strong></span> <span class='ocrx_word' id='word_1_132' title='bbox 868 1004 1041 1046; x_wconf 88' lang='lat' dir='ltr'><strong>flamine</strong></span> <span class='ocrx_word' id='word_1_133' title='bbox 1073 1004 1188 1046; x_wconf 90' lang='lat' dir='ltr'><strong>Diali</strong></span> <span class='ocrx_word' id='word_1_134' title='bbox 1218 1004 1266 1046; x_wconf 90' lang='grc'><strong>111</strong></span> <span class='ocrx_word' id='word_1_135' title='bbox 1296 1004 1438 1046; x_wconf 87' lang='grc'><strong>10811111</strong></span> <span class='ocrx_word' id='word_1_136' title='bbox 1470 1002 1592 1046; x_wconf 80' lang='lat' dir='ltr'><strong>Servi</strong></span> <span class='ocrx_word' id='word_1_137' title='bbox 1621 1003 1757 1047; x_wconf 88' lang='lat' dir='ltr'><strong>Malu-</strong></span> 
     </span>
     <span class='ocr_line' id='line_1_17' title="bbox 191 1062 1757 1119; baseline 0 -14"><span class='ocrx_word' id='word_1_138' title='bbox 191 1063 385 1119; x_wconf 87' lang='lat' dir='ltr'><strong>ginensis</strong></span> <span class='ocrx_word' id='word_1_139' title='bbox 418 1063 606 1106; x_wconf 84' lang='lat' dir='ltr'><strong>defuncti</strong></span> <span class='ocrx_word' id='word_1_140' title='bbox 636 1064 842 1119; x_wconf 86' lang='lat' dir='ltr'><strong>legendo,</strong></span> <span class='ocrx_word' id='word_1_141' title='bbox 879 1064 1009 1105; x_wconf 91' lang='lat' dir='ltr'><strong>simul</strong></span> <span class='ocrx_word' id='word_1_142' title='bbox 1045 1062 1239 1119; x_wconf 86' lang='lat' dir='ltr'><strong>roganda</strong></span> <span class='ocrx_word' id='word_1_143' title='bbox 1275 1077 1388 1105; x_wconf 86' lang='lat' dir='ltr'><strong>nova</strong></span> <span class='ocrx_word' id='word_1_144' title='bbox 1425 1063 1520 1117; x_wconf 86' lang='lat' dir='ltr'><strong>lege</strong></span> <span class='ocrx_word' id='word_1_145' title='bbox 1552 1062 1757 1105; x_wconf 80' lang='lat' dir='ltr'><strong>disseruit</strong></span> 
     </span>
     <span class='ocr_line' id='line_1_18' title="bbox 189 1121 1756 1178; baseline -0.001 -13"><span class='ocrx_word' id='word_1_146' title='bbox 189 1121 363 1166; x_wconf 85' lang='lat' dir='ltr'><strong>Caesar.</strong></span> <span class='ocrx_word' id='word_1_147' title='bbox 433 1138 534 1165; x_wconf 90' lang='lat' dir='ltr'><strong>nam</strong></span> <span class='ocrx_word' id='word_1_148' title='bbox 578 1123 784 1178; x_wconf 89' lang='lat' dir='ltr'><strong>patricios</strong></span> <span class='ocrx_word' id='word_1_149' title='bbox 831 1121 1115 1164; x_wconf 85' lang='lat' dir='ltr'><strong>confarreatis</strong></span> <span class='ocrx_word' id='word_1_150' title='bbox 1159 1121 1410 1176; x_wconf 88' lang='lat' dir='ltr'><strong>parentibus</strong></span> <span class='ocrx_word' id='word_1_151' title='bbox 1454 1121 1622 1177; x_wconf 88' lang='lat' dir='ltr'><strong>genitos</strong></span> <span class='ocrx_word' id='word_1_152' title='bbox 1665 1124 1756 1165; x_wconf 87' lang='lat' dir='ltr'><strong>tres</strong></span> 
     </span>
     <span class='ocr_line' id='line_1_19' title="bbox 189 1181 1755 1237; baseline 0 -14"><span class='ocrx_word' id='word_1_153' title='bbox 189 1181 319 1223; x_wconf 91' lang='lat' dir='ltr'><strong>simul</strong></span> <span class='ocrx_word' id='word_1_154' title='bbox 350 1182 583 1237; x_wconf 87' lang='lat' dir='ltr'><strong>nominari,</strong></span> <span class='ocrx_word' id='word_1_155' title='bbox 622 1196 673 1224; x_wconf 87' lang='lat' dir='ltr'><strong>ex</strong></span> <span class='ocrx_word' id='word_1_156' title='bbox 705 1182 801 1237; x_wconf 90' lang='lat' dir='ltr'><strong>quis</strong></span> <span class='ocrx_word' id='word_1_157' title='bbox 833 1196 945 1223; x_wconf 86' lang='grc'><strong>1111118</strong></span> <span class='ocrx_word' id='word_1_158' title='bbox 976 1181 1209 1237; x_wconf 83' lang='lat' dir='ltr'><strong>legeretur,</strong></span> <span class='ocrx_word' id='word_1_159' title='bbox 1242 1182 1412 1222; x_wconf 86' lang='lat' dir='ltr'><strong>vetusto</strong></span> <span class='ocrx_word' id='word_1_160' title='bbox 1444 1194 1580 1236; x_wconf 87' lang='lat' dir='ltr'><strong>more;</strong></span> <span class='ocrx_word' id='word_1_161' title='bbox 1617 1194 1755 1236; x_wconf 88' lang='lat' dir='ltr'><strong>neque</strong></span> 
     </span>
    </p>

    <p class='ocr_par' dir='ltr' id='par_1_5' title="bbox 141 1237 1755 1530">
     <span class='ocr_line' id='line_1_20' title="bbox 141 1237 1754 1296; baseline -0.001 -13"><span class='ocrx_word' id='word_1_162' title='bbox 141 1251 162 1283; x_wconf 89' lang='lat'>5</span> <span class='ocrx_word' id='word_1_163' title='bbox 188 1239 350 1294; x_wconf 85' lang='lat' dir='ltr'><strong>adesse,</strong></span> <span class='ocrx_word' id='word_1_164' title='bbox 381 1242 431 1282; x_wconf 91' lang='lat' dir='ltr'><strong>ut</strong></span> <span class='ocrx_word' id='word_1_165' title='bbox 462 1241 576 1296; x_wconf 87' lang='lat' dir='ltr'><strong>olim,</strong></span> <span class='ocrx_word' id='word_1_166' title='bbox 611 1255 705 1283; x_wconf 91' lang='lat' dir='ltr'><strong>eam</strong></span> <span class='ocrx_word' id='word_1_167' title='bbox 737 1241 922 1296; x_wconf 91' lang='lat' dir='ltr'><strong>copiam,</strong></span> <span class='ocrx_word' id='word_1_168' title='bbox 954 1240 1114 1282; x_wconf 90' lang='lat' dir='ltr'><strong>omissa</strong></span> <span class='ocrx_word' id='word_1_169' title='bbox 1146 1237 1444 1282; x_wconf 86' lang='lat' dir='ltr'><strong>confarreandi</strong></span> <span class='ocrx_word' id='word_1_170' title='bbox 1475 1239 1754 1282; x_wconf 85' lang='lat' dir='ltr'><strong>adsuetudine</strong></span> 
     </span>
     <span class='ocr_line' id='line_1_21' title="bbox 187 1297 1756 1355; baseline -0.001 -15"><span class='ocrx_word' id='word_1_171' title='bbox 187 1301 262 1340; x_wconf 90' lang='lat' dir='ltr'><strong>aut</strong></span> <span class='ocrx_word' id='word_1_172' title='bbox 292 1299 405 1341; x_wconf 91' lang='lat' dir='ltr'><strong>inter</strong></span> <span class='ocrx_word' id='word_1_173' title='bbox 435 1314 595 1355; x_wconf 88' lang='lat' dir='ltr'><strong>paucos</strong></span> <span class='ocrx_word' id='word_1_174' title='bbox 627 1302 815 1342; x_wconf 88' lang='lat' dir='ltr'><strong>retenta.</strong></span> <span class='ocrx_word' id='word_1_175' title='bbox 851 1297 1102 1354; x_wconf 86' lang='lat' dir='ltr'><strong>(pluresque</strong></span> <span class='ocrx_word' id='word_1_176' title='bbox 1128 1298 1218 1339; x_wconf 90' lang='lat' dir='ltr'><strong>eius</strong></span> <span class='ocrx_word' id='word_1_177' title='bbox 1244 1298 1306 1339; x_wconf 87' lang='lat' dir='ltr'><strong>rei</strong></span> <span class='ocrx_word' id='word_1_178' title='bbox 1337 1311 1488 1339; x_wconf 88' lang='lat' dir='ltr'><strong>causas</strong></span> <span class='ocrx_word' id='word_1_179' title='bbox 1522 1297 1756 1353; x_wconf 85' lang='lat' dir='ltr'><strong>adferebat,</strong></span> 
     </span>
     <span class='ocr_line' id='line_1_22' title="bbox 184 1357 1753 1425; baseline -0.001 -25"><span class='ocrx_word' id='word_1_180' title='bbox 184 1357 470 1425; x_wconf 87' lang='lat' dir='ltr'><strong>potissimam</strong></span> <span class='ocrx_word' id='word_1_181' title='bbox 495 1373 627 1414; x_wconf 89' lang='lat' dir='ltr'><strong>penes</strong></span> <span class='ocrx_word' id='word_1_182' title='bbox 664 1358 875 1400; x_wconf 90' lang='lat' dir='ltr'><strong>incuriam</strong></span> <span class='ocrx_word' id='word_1_183' title='bbox 916 1357 1107 1400; x_wconf 89' lang='lat' dir='ltr'><strong>virorum</strong></span> <span class='ocrx_word' id='word_1_184' title='bbox 1143 1357 1507 1411; x_wconf 86' lang='lat' dir='ltr'><strong>feminarumque:</strong></span> <span class='ocrx_word' id='word_1_185' title='bbox 1555 1357 1753 1399; x_wconf 91' lang='lat' dir='ltr'><strong>accedere</strong></span> 
     </span>
     <span class='ocr_line' id='line_1_23' title="bbox 183 1413 1755 1484; baseline 0.001 -27"><span class='ocrx_word' id='word_1_186' title='bbox 183 1416 319 1484; x_wconf 80' lang='lat' dir='ltr'><strong>ipsius</strong></span> <span class='ocrx_word' id='word_1_187' title='bbox 361 1417 645 1460; x_wconf 89' lang='lat' dir='ltr'><strong>caerimoniae</strong></span> <span class='ocrx_word' id='word_1_188' title='bbox 686 1417 983 1471; x_wconf 87' lang='lat' dir='ltr'><strong>difficultates,</strong></span> <span class='ocrx_word' id='word_1_189' title='bbox 1025 1431 1133 1483; x_wconf 84' lang='lat' dir='ltr'><strong>quae</strong></span> <span class='ocrx_word' id='word_1_190' title='bbox 1170 1415 1367 1458; x_wconf 91' lang='lat' dir='ltr'><strong>consulto</strong></span> <span class='ocrx_word' id='word_1_191' title='bbox 1406 1413 1669 1472; x_wconf 86' lang='lat' dir='ltr'><strong>vitarentur)</strong></span> <span class='ocrx_word' id='word_1_192' title='bbox 1711 1418 1755 1458; x_wconf 91' lang='lat' dir='ltr'><strong>et</strong></span> 
     </span>
     <span class='ocr_line' id='line_1_24' title="bbox 185 1473 1748 1530; baseline 0 -13"><span class='ocrx_word' id='word_1_193' title='bbox 185 1476 388 1529; x_wconf 84' lang='lat' dir='ltr'><strong>quoniam</strong></span> <span class='ocrx_word' id='word_1_194' title='bbox 431 1476 565 1518; x_wconf 86' lang='lat' dir='ltr'><strong>exiret</strong></span> <span class='ocrx_word' id='word_1_195' title='bbox 607 1491 629 1518; x_wconf 93' lang='lat' dir='ltr'><strong>e</strong></span> <span class='ocrx_word' id='word_1_196' title='bbox 672 1477 763 1518; x_wconf 91' lang='lat' dir='ltr'><strong>iure</strong></span> <span class='ocrx_word' id='word_1_197' title='bbox 806 1476 949 1530; x_wconf 90' lang='lat' dir='ltr'><strong>patrio</strong></span> <span class='ocrx_word' id='word_1_198' title='bbox 995 1475 1068 1530; x_wconf 90' lang='lat' dir='ltr'><strong>qui</strong></span> <span class='ocrx_word' id='word_1_199' title='bbox 1110 1474 1155 1516; x_wconf 91' lang='lat' dir='ltr'><strong>id</strong></span> <span class='ocrx_word' id='word_1_200' title='bbox 1197 1473 1437 1516; x_wconf 88' lang='lat' dir='ltr'><strong>flaminium</strong></span> <span class='ocrx_word' id='word_1_201' title='bbox 1482 1474 1748 1529; x_wconf 89' lang='lat' dir='ltr'><strong>apisceretur</strong></span> 
     </span>
    </p>

    <p class='ocr_par' dir='ltr' id='par_1_6' title="bbox 98 1532 1750 1766">
     <span class='ocr_line' id='line_1_25' title="bbox 98 1532 1747 1589; baseline -0.002 -11.974"><span class='ocrx_word' id='word_1_202' title='bbox 98 1545 159 1578; x_wconf 95' lang='grc' dir='ltr'><strong>1ο</strong></span> <span class='ocrx_word' id='word_1_203' title='bbox 185 1547 375 1589; x_wconf 90' lang='lat' dir='ltr'><strong>quaeque</strong></span> <span class='ocrx_word' id='word_1_204' title='bbox 406 1534 451 1576; x_wconf 93' lang='lat' dir='ltr'><strong>in</strong></span> <span class='ocrx_word' id='word_1_205' title='bbox 481 1549 655 1576; x_wconf 91' lang='lat' dir='ltr'><strong>manum</strong></span> <span class='ocrx_word' id='word_1_206' title='bbox 686 1534 873 1576; x_wconf 90' lang='lat' dir='ltr'><strong>flaminis</strong></span> <span class='ocrx_word' id='word_1_207' title='bbox 906 1533 1167 1588; x_wconf 85' lang='lat' dir='ltr'><strong>conveniret,</strong></span> <span class='ocrx_word' id='word_1_208' title='bbox 1197 1533 1260 1574; x_wconf 90' lang='lat' dir='ltr'><strong>ita</strong></span> <span class='ocrx_word' id='word_1_209' title='bbox 1288 1532 1544 1574; x_wconf 85' lang='lat' dir='ltr'><strong>medendum</strong></span> <span class='ocrx_word' id='word_1_210' title='bbox 1570 1535 1747 1575; x_wconf 90' lang='lat' dir='ltr'><strong>senatus</strong></span> 
     </span>
     <span class='ocr_line' id='line_1_26' title="bbox 183 1591 1743 1648; baseline -0.001 -14"><span class='ocrx_word' id='word_1_211' title='bbox 183 1592 354 1634; x_wconf 89' lang='lat' dir='ltr'><strong>decreto</strong></span> <span class='ocrx_word' id='word_1_212' title='bbox 388 1595 462 1634; x_wconf 84' lang='lat' dir='ltr'><strong>aut</strong></span> <span class='ocrx_word' id='word_1_213' title='bbox 492 1594 599 1648; x_wconf 88' lang='lat' dir='ltr'><strong>lege,</strong></span> <span class='ocrx_word' id='word_1_214' title='bbox 631 1593 741 1635; x_wconf 89' lang='lat' dir='ltr'><strong>sicut</strong></span> <span class='ocrx_word' id='word_1_215' title='bbox 768 1592 993 1647; x_wconf 84' lang='lat' dir='ltr'><strong>Augustus</strong></span> <span class='ocrx_word' id='word_1_216' title='bbox 1019 1592 1226 1646; x_wconf 89' lang='lat' dir='ltr'><strong>quaedam</strong></span> <span class='ocrx_word' id='word_1_217' title='bbox 1253 1605 1304 1632; x_wconf 87' lang='lat' dir='ltr'><strong>ex</strong></span> <span class='ocrx_word' id='word_1_218' title='bbox 1329 1591 1505 1632; x_wconf 88' lang='lat' dir='ltr'><strong>horrida</strong></span> <span class='ocrx_word' id='word_1_219' title='bbox 1529 1591 1607 1632; x_wconf 92' lang='lat' dir='ltr'><strong>illa</strong></span> <span class='ocrx_word' id='word_1_220' title='bbox 1633 1592 1743 1633; x_wconf 86' lang='lat' dir='ltr'><strong>anti-</strong></span> 
     </span>
     <span class='ocr_line' id='line_1_27' title="bbox 182 1649 1745 1707; baseline -0.001 -14"><span class='ocrx_word' id='word_1_221' title='bbox 182 1651 345 1707; x_wconf 90' lang='lat' dir='ltr'><strong>quitate</strong></span> <span class='ocrx_word' id='word_1_222' title='bbox 377 1651 430 1692; x_wconf 89' lang='lat' dir='ltr'><strong>ad</strong></span> <span class='ocrx_word' id='word_1_223' title='bbox 461 1654 730 1706; x_wconf 89' lang='lat' dir='ltr'><strong>praesentem</strong></span> <span class='ocrx_word' id='word_1_224' title='bbox 762 1665 890 1693; x_wconf 89' lang='lat' dir='ltr'><strong>usum</strong></span> <span class='ocrx_word' id='word_1_225' title='bbox 920 1650 1121 1692; x_wconf 88' lang='lat' dir='ltr'><strong>flexisset.</strong></span> <span class='ocrx_word' id='word_1_226' title='bbox 1169 1650 1306 1706; x_wconf 89' lang='lat' dir='ltr'><strong>igitur</strong></span> <span class='ocrx_word' id='word_1_227' title='bbox 1336 1650 1536 1691; x_wconf 88' lang='lat' dir='ltr'><strong>tractatis</strong></span> <span class='ocrx_word' id='word_1_228' title='bbox 1569 1649 1745 1706; x_wconf 89' lang='lat' dir='ltr'><strong>religio-</strong></span> 
     </span>
     <span class='ocr_line' id='line_1_28' title="bbox 179 1708 1750 1766; baseline 0 -15"><span class='ocrx_word' id='word_1_229' title='bbox 179 1710 309 1752; x_wconf 90' lang='lat' dir='ltr'><strong>nibus</strong></span> <span class='ocrx_word' id='word_1_230' title='bbox 340 1710 549 1766; x_wconf 88' lang='lat' dir='ltr'><strong>placitum</strong></span> <span class='ocrx_word' id='word_1_231' title='bbox 572 1711 774 1753; x_wconf 88' lang='lat' dir='ltr'><strong>instituto</strong></span> <span class='ocrx_word' id='word_1_232' title='bbox 800 1709 1024 1752; x_wconf 88' lang='lat' dir='ltr'><strong>flaminum</strong></span> <span class='ocrx_word' id='word_1_233' title='bbox 1049 1709 1157 1751; x_wconf 89' lang='lat' dir='ltr'><strong>nihil</strong></span> <span class='ocrx_word' id='word_1_234' title='bbox 1184 1708 1416 1750; x_wconf 87' lang='lat' dir='ltr'><strong>demutari:</strong></span> <span class='ocrx_word' id='word_1_235' title='bbox 1449 1708 1523 1750; x_wconf 87' lang='lat' dir='ltr'><strong>sed</strong></span> <span class='ocrx_word' id='word_1_236' title='bbox 1549 1709 1639 1751; x_wconf 91' lang='lat' dir='ltr'><strong>lata</strong></span> <span class='ocrx_word' id='word_1_237' title='bbox 1665 1710 1750 1764; x_wconf 86' lang='lat' dir='ltr'><strong>lex,</strong></span> 
     </span>
    </p>
   </div>
   <div class='ocr_carea' id='block_1_2' title="bbox 181 1846 1745 1893">
    <p class='ocr_par' dir='ltr' id='par_1_7' title="bbox 181 1846 1745 1893">
     <span class='ocr_line' id='line_1_29' title="bbox 181 1846 1745 1893; baseline -0.001 -9"><span class='ocrx_word' id='word_1_238' title='bbox 181 1848 267 1884; x_wconf 89' lang='lat' dir='ltr'><strong>dem</strong></span> <span class='ocrx_word' id='word_1_239' title='bbox 291 1848 393 1883; x_wconf 88' lang='lat' dir='ltr'><strong>alten</strong></span> <span class='ocrx_word' id='word_1_240' title='bbox 418 1848 554 1884; x_wconf 88' lang='lat' dir='ltr'><strong>Forum</strong></span> <span class='ocrx_word' id='word_1_241' title='bbox 578 1848 656 1883; x_wconf 82' lang='lat' dir='ltr'><strong>und.</strong></span> <span class='ocrx_word' id='word_1_242' title='bbox 688 1848 773 1884; x_wconf 89' lang='lat' dir='ltr'><strong>dem</strong></span> <span class='ocrx_word' id='word_1_243' title='bbox 806 1848 924 1893; x_wconf 82' lang='lat' dir='ltr'><strong>quiri·</strong></span> <span class='ocrx_word' id='word_1_244' title='bbox 1002 1848 1095 1883; x_wconf 90' lang='lat' dir='ltr'><strong>zehn</strong></span> <span class='ocrx_word' id='word_1_245' title='bbox 1120 1848 1278 1892; x_wconf 89' lang='lat' dir='ltr'><strong>Zeugen.</strong></span> <span class='ocrx_word' id='word_1_246' title='bbox 1336 1846 1396 1882; x_wconf 88' lang='lat' dir='ltr'><strong>Sie</strong></span> <span class='ocrx_word' id='word_1_247' title='bbox 1421 1857 1498 1881; x_wconf 85' lang='lat' dir='ltr'><strong>war</strong></span> <span class='ocrx_word' id='word_1_248' title='bbox 1533 1847 1676 1883; x_wconf 85' lang='lat' dir='ltr'><strong>schwer</strong></span> <span class='ocrx_word' id='word_1_249' title='bbox 1699 1859 1745 1883; x_wconf 87' lang='lat' dir='ltr'><strong>zu</strong></span> 
     </span>
    </p>
   </div>
   <div class='ocr_carea' id='block_1_3' title="bbox 179 1894 1746 2081">
    <p class='ocr_par' dir='ltr' id='par_1_8' title="bbox 180 1894 1548 1941">
     <span class='ocr_line' id='line_1_30' title="bbox 180 1894 1548 1941; baseline -0.001 -11"><span class='ocrx_word' id='word_1_250' title='bbox 180 1895 373 1931; x_wconf 82' lang='lat' dir='ltr'><strong>nalischen</strong></span> <span class='ocrx_word' id='word_1_251' title='bbox 397 1895 531 1941; x_wconf 75' lang='lat' dir='ltr'><strong>Hfigel.</strong></span> <span class='ocrx_word' id='word_1_252' title='bbox 1000 1895 1107 1930; x_wconf 87' lang='grc' dir='ltr'><strong>1ὃ8811</strong></span> <span class='ocrx_word' id='word_1_253' title='bbox 1131 1894 1264 1939; x_wconf 88' lang='lat' dir='ltr'><strong>(durch</strong></span> <span class='ocrx_word' id='word_1_254' title='bbox 1288 1894 1548 1940; x_wconf 79' lang='lat' dir='ltr'><strong>diffarreatio).</strong></span> 
     </span>
    </p>

    <p class='ocr_par' dir='ltr' id='par_1_9' title="bbox 179 1940 1746 2081">
     <span class='ocr_line' id='line_1_31' title="bbox 229 1940 1746 1988; baseline -0.001 -10"><span class='ocrx_word' id='word_1_255' title='bbox 229 1946 261 1978; x_wconf 82' lang='grc'><strong>’1.</strong></span> <span class='ocrx_word' id='word_1_256' title='bbox 289 1946 520 1988; x_wconf 74' lang='lat' dir='ltr'><strong>procurator,</strong></span> <span class='ocrx_word' id='word_1_257' title='bbox 552 1943 631 1978; x_wconf 84' lang='lat' dir='ltr'><strong>also</strong></span> <span class='ocrx_word' id='word_1_258' title='bbox 663 1941 725 1977; x_wconf 90' lang='lat' dir='ltr'><strong>ein</strong></span> <span class='ocrx_word' id='word_1_259' title='bbox 749 1941 928 1977; x_wconf 87' lang='lat' dir='ltr'><strong>Beamter</strong></span> <span class='ocrx_word' id='word_1_260' title='bbox 1049 1946 1082 1977; x_wconf 80' lang='grc'><strong>’1.</strong></span> <span class='ocrx_word' id='word_1_261' title='bbox 1121 1952 1233 1987; x_wconf 78' lang='lat' dir='ltr'><strong>penes</strong></span> <span class='ocrx_word' id='word_1_262' title='bbox 1275 1941 1345 1976; x_wconf 86' lang='lat' dir='ltr'><strong>mit</strong></span> <span class='ocrx_word' id='word_1_263' title='bbox 1387 1940 1508 1976; x_wconf 89' lang='lat' dir='ltr'><strong>einem</strong></span> <span class='ocrx_word' id='word_1_264' title='bbox 1544 1940 1746 1977; x_wconf 84' lang='lat' dir='ltr'><strong>Accusativ</strong></span> 
     </span>
     <span class='ocr_line' id='line_1_32' title="bbox 180 1987 1743 2032; baseline 0 -8"><span class='ocrx_word' id='word_1_265' title='bbox 180 1989 245 2025; x_wconf 86' lang='lat' dir='ltr'><strong>des</strong></span> <span class='ocrx_word' id='word_1_266' title='bbox 269 1989 518 2024; x_wconf 84' lang='lat' dir='ltr'><strong>kaiserlichen</strong></span> <span class='ocrx_word' id='word_1_267' title='bbox 538 1990 692 2025; x_wconf 85' lang='lat' dir='ltr'><strong>Hauses.</strong></span> <span class='ocrx_word' id='word_1_268' title='bbox 732 1988 823 2024; x_wconf 84' lang='lat' dir='ltr'><strong>Asia</strong></span> <span class='ocrx_word' id='word_1_269' title='bbox 851 2000 929 2024; x_wconf 87' lang='lat' dir='ltr'><strong>war</strong></span> <span class='ocrx_word' id='word_1_270' title='bbox 1000 1989 1066 2024; x_wconf 89' lang='lat' dir='ltr'><strong>der</strong></span> <span class='ocrx_word' id='word_1_271' title='bbox 1100 1987 1234 2032; x_wconf 89' lang='lat' dir='ltr'><strong>Sache‚</strong></span> <span class='ocrx_word' id='word_1_272' title='bbox 1276 1988 1372 2023; x_wconf 87' lang='lat' dir='ltr'><strong>auch</strong></span> <span class='ocrx_word' id='word_1_273' title='bbox 1405 1987 1491 2023; x_wconf 88' lang='lat' dir='ltr'><strong>hist.</strong></span> <span class='ocrx_word' id='word_1_274' title='bbox 1521 1991 1557 2031; x_wconf 90' lang='lat'><strong>1,</strong></span> <span class='ocrx_word' id='word_1_275' title='bbox 1584 1990 1629 2024; x_wconf 78' lang='lat'><strong>5¹1</strong></span> <span class='ocrx_word' id='word_1_276' title='bbox 1666 1998 1743 2024; x_wconf 81' lang='lat' dir='ltr'><strong>non</strong></span> 
     </span>
     <span class='ocr_line' id='line_1_33' title="bbox 179 2034 1744 2081; baseline -0.001 -9"><span class='ocrx_word' id='word_1_277' title='bbox 179 2047 277 2071; x_wconf 85' lang='lat' dir='ltr'><strong>zwar</strong></span> <span class='ocrx_word' id='word_1_278' title='bbox 296 2037 548 2072; x_wconf 83' lang='lat' dir='ltr'><strong>senatorische</strong></span> <span class='ocrx_word' id='word_1_279' title='bbox 561 2037 732 2080; x_wconf 86' lang='lat' dir='ltr'><strong>Provinz,</strong></span> <span class='ocrx_word' id='word_1_280' title='bbox 754 2037 844 2071; x_wconf 85' lang='lat' dir='ltr'><strong>aber</strong></span> <span class='ocrx_word' id='word_1_281' title='bbox 867 2036 926 2071; x_wconf 90' lang='lat' dir='ltr'><strong>die</strong></span> <span class='ocrx_word' id='word_1_282' title='bbox 992 2046 1105 2081; x_wconf 75' lang='lat' dir='ltr'><strong>penes</strong></span> <span class='ocrx_word' id='word_1_283' title='bbox 1147 2035 1406 2080; x_wconf 80' lang='lat' dir='ltr'><strong>rempublicam</strong></span> <span class='ocrx_word' id='word_1_284' title='bbox 1446 2035 1569 2078; x_wconf 79' lang='lat' dir='ltr'><strong>fuisse.</strong></span> <span class='ocrx_word' id='word_1_285' title='bbox 1633 2034 1744 2071; x_wconf 73' lang='lat' dir='ltr'><strong>Sonat</strong></span> 
     </span>
    </p>
   </div>
   <div class='ocr_carea' id='block_1_4' title="bbox 175 2083 931 2878">
    <p class='ocr_par' dir='ltr' id='par_1_10' title="bbox 178 2083 931 2213">
     <span class='ocr_line' id='line_1_34' title="bbox 178 2083 927 2119; baseline 0 -1"><span class='ocrx_word' id='word_1_286' title='bbox 178 2083 381 2118; x_wconf 75' lang='lat' dir='ltr'><strong>Einkiinfte</strong></span> <span class='ocrx_word' id='word_1_287' title='bbox 413 2083 478 2119; x_wconf 89' lang='lat' dir='ltr'><strong>des</strong></span> <span class='ocrx_word' id='word_1_288' title='bbox 509 2083 756 2119; x_wconf 87' lang='lat' dir='ltr'><strong>kaiserlichen</strong></span> <span class='ocrx_word' id='word_1_289' title='bbox 792 2083 927 2118; x_wconf 82' lang='lat' dir='ltr'><strong>Fiskus</strong></span> 
     </span>
     <span class='ocr_line' id='line_1_35' title="bbox 179 2129 931 2166; baseline -0.001 -1"><span class='ocrx_word' id='word_1_290' title='bbox 179 2131 331 2166; x_wconf 89' lang='lat' dir='ltr'><strong>wurden</strong></span> <span class='ocrx_word' id='word_1_291' title='bbox 373 2131 468 2165; x_wconf 88' lang='lat' dir='ltr'><strong>auch</strong></span> <span class='ocrx_word' id='word_1_292' title='bbox 511 2131 596 2166; x_wconf 89' lang='lat' dir='ltr'><strong>dort</strong></span> <span class='ocrx_word' id='word_1_293' title='bbox 632 2142 706 2166; x_wconf 89' lang='lat' dir='ltr'><strong>von</strong></span> <span class='ocrx_word' id='word_1_294' title='bbox 745 2129 931 2166; x_wconf 85' lang='lat' dir='ltr'><strong>Prokura-</strong></span> 
     </span>
     <span class='ocr_line' id='line_1_36' title="bbox 178 2178 518 2213; baseline 0 -1"><span class='ocrx_word' id='word_1_295' title='bbox 178 2178 288 2213; x_wconf 89' lang='lat' dir='ltr'><strong>toren</strong></span> <span class='ocrx_word' id='word_1_296' title='bbox 314 2178 518 2213; x_wconf 87' lang='lat' dir='ltr'><strong>verwaltet.</strong></span> 
     </span>
    </p>

    <p class='ocr_par' dir='ltr' id='par_1_11' title="bbox 176 2224 931 2410">
     <span class='ocr_line' id='line_1_37' title="bbox 227 2224 929 2268; baseline -0.001 -9"><span class='ocrx_word' id='word_1_297' title='bbox 227 2227 259 2259; x_wconf 89' lang='lat'><strong>9.</strong></span> <span class='ocrx_word' id='word_1_298' title='bbox 292 2225 470 2268; x_wconf 76' lang='lat' dir='ltr'><strong>pecunias</strong></span> <span class='ocrx_word' id='word_1_299' title='bbox 502 2224 709 2268; x_wconf 80' lang='lat' dir='ltr'><strong>familiares</strong></span> <span class='ocrx_word' id='word_1_300' title='bbox 741 2225 835 2259; x_wconf 87' lang='lat' dir='ltr'><strong>statt</strong></span> <span class='ocrx_word' id='word_1_301' title='bbox 867 2225 929 2259; x_wconf 83' lang='lat' dir='ltr'><strong>do-</strong></span> 
     </span>
     <span class='ocr_line' id='line_1_38' title="bbox 176 2270 931 2316; baseline -0.001 -10"><span class='ocrx_word' id='word_1_302' title='bbox 176 2271 341 2307; x_wconf 81' lang='lat' dir='ltr'><strong>mesticas</strong></span> <span class='ocrx_word' id='word_1_303' title='bbox 373 2270 742 2316; x_wconf 52' lang='lat' dir='ltr'><strong>„Kronvermogen‘fl</strong></span> <span class='ocrx_word' id='word_1_304' title='bbox 793 2270 843 2315; x_wconf 88' lang='lat' dir='ltr'><strong>Sp</strong></span> <span class='ocrx_word' id='word_1_305' title='bbox 847 2273 931 2305; x_wconf 82' lang='lat' dir='ltr'><strong>ater</strong></span> 
     </span>
     <span class='ocr_line' id='line_1_39' title="bbox 177 2315 929 2354; baseline -0.003 0"><span class='ocrx_word' id='word_1_306' title='bbox 177 2315 271 2354; x_wconf 84' lang='lat' dir='ltr'><strong>wird</strong></span> <span class='ocrx_word' id='word_1_307' title='bbox 303 2317 364 2353; x_wconf 88' lang='grc'><strong>1118</strong></span> <span class='ocrx_word' id='word_1_308' title='bbox 398 2317 527 2353; x_wconf 86' lang='lat' dir='ltr'><strong>Macht</strong></span> <span class='ocrx_word' id='word_1_309' title='bbox 559 2318 625 2352; x_wconf 88' lang='lat' dir='ltr'><strong>der</strong></span> <span class='ocrx_word' id='word_1_310' title='bbox 650 2316 929 2353; x_wconf 85' lang='lat' dir='ltr'><strong>Prokuratoren</strong></span> 
     </span>
     <span class='ocr_line' id='line_1_40' title="bbox 177 2364 567 2410; baseline 0 -10"><span class='ocrx_word' id='word_1_311' title='bbox 177 2364 350 2410; x_wconf 67' lang='grc'><strong>3161881..</strong></span> <span class='ocrx_word' id='word_1_312' title='bbox 375 2364 410 2400; x_wconf 91' lang='lat' dir='ltr'><strong>S.</strong></span> <span class='ocrx_word' id='word_1_313' title='bbox 435 2369 490 2409; x_wconf 92' lang='grc'><strong>12,</strong></span> <span class='ocrx_word' id='word_1_314' title='bbox 511 2369 567 2400; x_wconf 86' lang='grc'><strong>60.</strong></span> 
     </span>
    </p>

    <p class='ocr_par' dir='ltr' id='par_1_12' title="bbox 176 2410 927 2551">
     <span class='ocr_line' id='line_1_41' title="bbox 229 2410 927 2455; baseline -0.001 -8"><span class='ocrx_word' id='word_1_315' title='bbox 229 2415 283 2447; x_wconf 89' lang='grc'><strong>13.</strong></span> <span class='ocrx_word' id='word_1_316' title='bbox 311 2411 475 2455; x_wconf 77' lang='lat' dir='ltr'><strong>Silanus,</strong></span> <span class='ocrx_word' id='word_1_317' title='bbox 502 2411 709 2447; x_wconf 86' lang='lat' dir='ltr'><strong>Prokonsul</strong></span> <span class='ocrx_word' id='word_1_318' title='bbox 729 2422 803 2446; x_wconf 87' lang='lat' dir='ltr'><strong>von</strong></span> <span class='ocrx_word' id='word_1_319' title='bbox 822 2410 927 2455; x_wconf 88' lang='lat' dir='ltr'><strong>Asia,</strong></span> 
     </span>
     <span class='ocr_line' id='line_1_42' title="bbox 177 2457 927 2504; baseline -0.003 -10"><span class='ocrx_word' id='word_1_320' title='bbox 177 2469 254 2494; x_wconf 79' lang='lat' dir='ltr'><strong>war</strong></span> <span class='ocrx_word' id='word_1_321' title='bbox 290 2460 344 2494; x_wconf 93' lang='lat' dir='ltr'><strong>im</strong></span> <span class='ocrx_word' id='word_1_322' title='bbox 380 2459 412 2494; x_wconf 84' lang='lat' dir='ltr'><strong>J.</strong></span> <span class='ocrx_word' id='word_1_323' title='bbox 441 2463 486 2494; x_wconf 91' lang='grc'><strong>22</strong></span> <span class='ocrx_word' id='word_1_324' title='bbox 524 2469 653 2504; x_wconf 88' lang='lat' dir='ltr'><strong>wegen</strong></span> <span class='ocrx_word' id='word_1_325' title='bbox 692 2457 927 2503; x_wconf 84' lang='lat' dir='ltr'><strong>Erpressung</strong></span> 
     </span>
     <span class='ocr_line' id='line_1_43' title="bbox 176 2505 688 2551; baseline -0.004 -10"><span class='ocrx_word' id='word_1_326' title='bbox 176 2506 275 2541; x_wconf 86' lang='lat' dir='ltr'><strong>nach</strong></span> <span class='ocrx_word' id='word_1_327' title='bbox 303 2505 468 2551; x_wconf 82' lang='lat' dir='ltr'><strong>Cythnus</strong></span> <span class='ocrx_word' id='word_1_328' title='bbox 495 2506 688 2541; x_wconf 86' lang='lat' dir='ltr'><strong>verbannt.</strong></span> 
     </span>
    </p>

    <p class='ocr_par' dir='ltr' id='par_1_13' title="bbox 175 2551 925 2635">
     <span class='ocr_line' id='line_1_44' title="bbox 227 2551 925 2607; baseline -0.003 -19"><span class='ocrx_word' id='word_1_329' title='bbox 227 2556 281 2607; x_wconf 40' lang='lat'><strong>15..</strong></span> <span class='ocrx_word' id='word_1_330' title='bbox 307 2553 420 2597; x_wconf 86' lang='lat' dir='ltr'><strong>Nero,</strong></span> <span class='ocrx_word' id='word_1_331' title='bbox 445 2553 600 2589; x_wconf 80' lang='lat' dir='ltr'><strong>‘altester</strong></span> <span class='ocrx_word' id='word_1_332' title='bbox 620 2552 722 2587; x_wconf 91' lang='lat' dir='ltr'><strong>Sohn</strong></span> <span class='ocrx_word' id='word_1_333' title='bbox 750 2551 815 2586; x_wconf 88' lang='lat' dir='ltr'><strong>des</strong></span> <span class='ocrx_word' id='word_1_334' title='bbox 836 2551 925 2587; x_wconf 86' lang='lat' dir='ltr'><strong>Ger-</strong></span> 
     </span>
     <span class='ocr_line' id='line_1_45' title="bbox 175 2611 354 2635; baseline 0.006 -1"><span class='ocrx_word' id='word_1_335' title='bbox 175 2611 354 2635; x_wconf 75' lang='lat' dir='ltr'><strong>mamone.</strong></span> 
     </span>
    </p>

    <p class='ocr_par' dir='ltr' id='par_1_14' title="bbox 175 2645 926 2878">
     <span class='ocr_line' id='line_1_46' title="bbox 224 2645 926 2690; baseline -0.003 -8"><span class='ocrx_word' id='word_1_336' title='bbox 224 2647 287 2683; x_wconf 82' lang='lat'><strong>16.</strong></span> <span class='ocrx_word' id='word_1_337' title='bbox 324 2651 356 2682; x_wconf 88' lang='grc'><strong>3.</strong></span> <span class='ocrx_word' id='word_1_338' title='bbox 394 2646 463 2682; x_wconf 83' lang='grc'><strong>1)18</strong></span> <span class='ocrx_word' id='word_1_339' title='bbox 499 2646 744 2690; x_wconf 76' lang='lat' dir='ltr'><strong>confarreatio</strong></span> <span class='ocrx_word' id='word_1_340' title='bbox 781 2645 830 2680; x_wconf 84' lang='lat' dir='ltr'><strong>ist</strong></span> <span class='ocrx_word' id='word_1_341' title='bbox 864 2645 926 2681; x_wconf 89' lang='lat' dir='ltr'><strong>die</strong></span> 
     </span>
     <span class='ocr_line' id='line_1_47' title="bbox 176 2693 926 2729; baseline -0.003 0"><span class='ocrx_word' id='word_1_342' title='bbox 176 2694 402 2729; x_wconf 87' lang='lat' dir='ltr'><strong>feierlichste</strong></span> <span class='ocrx_word' id='word_1_343' title='bbox 439 2694 516 2728; x_wconf 90' lang='lat' dir='ltr'><strong>und</strong></span> <span class='ocrx_word' id='word_1_344' title='bbox 553 2693 775 2729; x_wconf 86' lang='lat' dir='ltr'><strong>bindendste</strong></span> <span class='ocrx_word' id='word_1_345' title='bbox 815 2693 926 2728; x_wconf 83' lang='lat' dir='ltr'><strong>Form</strong></span> 
     </span>
     <span class='ocr_line' id='line_1_48' title="bbox 176 2739 925 2785; baseline -0.003 -10"><span class='ocrx_word' id='word_1_346' title='bbox 176 2741 241 2776; x_wconf 88' lang='lat' dir='ltr'><strong>der</strong></span> <span class='ocrx_word' id='word_1_347' title='bbox 272 2739 583 2785; x_wconf 86' lang='lat' dir='ltr'><strong>Eheschliessung</strong></span> <span class='ocrx_word' id='word_1_348' title='bbox 618 2739 679 2776; x_wconf 89' lang='lat' dir='ltr'><strong>bei</strong></span> <span class='ocrx_word' id='word_1_349' title='bbox 704 2739 925 2784; x_wconf 84' lang='lat' dir='ltr'><strong>Patriziern,</strong></span> 
     </span>
     <span class='ocr_line' id='line_1_49' title="bbox 175 2785 924 2832; baseline -0.003 -10"><span class='ocrx_word' id='word_1_350' title='bbox 175 2787 215 2822; x_wconf 93' lang='lat' dir='ltr'><strong>in</strong></span> <span class='ocrx_word' id='word_1_351' title='bbox 248 2787 472 2832; x_wconf 86' lang='lat' dir='ltr'><strong>Gegenwart</strong></span> <span class='ocrx_word' id='word_1_352' title='bbox 503 2787 568 2822; x_wconf 86' lang='lat' dir='ltr'><strong>des</strong></span> <span class='ocrx_word' id='word_1_353' title='bbox 602 2786 776 2822; x_wconf 61' lang='lat' dir='ltr'><strong>Pontifex</strong></span> <span class='ocrx_word' id='word_1_354' title='bbox 809 2785 924 2821; x_wconf 83' lang='lat' dir='ltr'><strong>maxi-</strong></span> 
     </span>
     <span class='ocr_line' id='line_1_50' title="bbox 175 2834 925 2878; baseline -0.001 -10"><span class='ocrx_word' id='word_1_355' title='bbox 175 2845 277 2878; x_wconf 85' lang='lat' dir='ltr'><strong>mus,</strong></span> <span class='ocrx_word' id='word_1_356' title='bbox 319 2835 381 2869; x_wconf 85' lang='lat' dir='ltr'><strong>des</strong></span> <span class='ocrx_word' id='word_1_357' title='bbox 414 2834 568 2869; x_wconf 88' lang='lat' dir='ltr'><strong>Flamen</strong></span> <span class='ocrx_word' id='word_1_358' title='bbox 599 2834 717 2869; x_wconf 86' lang='lat' dir='ltr'><strong>Dialis</strong></span> <span class='ocrx_word' id='word_1_359' title='bbox 748 2834 826 2868; x_wconf 86' lang='lat' dir='ltr'><strong>und</strong></span> <span class='ocrx_word' id='word_1_360' title='bbox 857 2844 925 2869; x_wconf 87' lang='lat' dir='ltr'><strong>vor</strong></span> 
     </span>
    </p>
   </div>
   <div class='ocr_carea' id='block_1_5' title="bbox 996 2081 1749 2877">
    <p class='ocr_par' dir='ltr' id='par_1_15' title="bbox 998 2081 1742 2175">
     <span class='ocr_line' id='line_1_51' title="bbox 999 2081 1742 2127; baseline 0 -9"><span class='ocrx_word' id='word_1_361' title='bbox 999 2095 1068 2118; x_wconf 87' lang='lat' dir='ltr'><strong>nur</strong></span> <span class='ocrx_word' id='word_1_362' title='bbox 1092 2083 1188 2118; x_wconf 87' lang='lat' dir='ltr'><strong>noch</strong></span> <span class='ocrx_word' id='word_1_363' title='bbox 1212 2081 1299 2117; x_wconf 83' lang='lat' dir='ltr'><strong>Hor.</strong></span> <span class='ocrx_word' id='word_1_364' title='bbox 1327 2093 1360 2117; x_wconf 89' lang='lat' dir='ltr'><strong>a.</strong></span> <span class='ocrx_word' id='word_1_365' title='bbox 1386 2093 1422 2127; x_wconf 90' lang='lat' dir='ltr'><strong>p.</strong></span> <span class='ocrx_word' id='word_1_366' title='bbox 1444 2085 1487 2117; x_wconf 82' lang='grc'><strong>71</strong></span> <span class='ocrx_word' id='word_1_367' title='bbox 1513 2092 1613 2126; x_wconf 69' lang='lat' dir='ltr'><strong>usae,</strong></span> <span class='ocrx_word' id='word_1_368' title='bbox 1637 2093 1742 2127; x_wconf 79' lang='lat' dir='ltr'><strong>quem</strong></span> 
     </span>
     <span class='ocr_line' id='line_1_52' title="bbox 998 2130 1416 2175; baseline -0.002 -10"><span class='ocrx_word' id='word_1_369' title='bbox 998 2140 1111 2175; x_wconf 77' lang='lat' dir='ltr'><strong>penes</strong></span> <span class='ocrx_word' id='word_1_370' title='bbox 1135 2130 1331 2164; x_wconf 87' lang='lat' dir='ltr'><strong>arbitrium</strong></span> <span class='ocrx_word' id='word_1_371' title='bbox 1356 2132 1416 2164; x_wconf 86' lang='lat' dir='ltr'><strong>est.</strong></span> 
     </span>
    </p>

    <p class='ocr_par' dir='ltr' id='par_1_16' title="bbox 997 2175 1749 2400">
     <span class='ocr_line' id='line_1_53' title="bbox 1053 2175 1749 2221; baseline 0.001 -10"><span class='ocrx_word' id='word_1_372' title='bbox 1053 2180 1084 2211; x_wconf 91' lang='lat'><strong>9.</strong></span> <span class='ocrx_word' id='word_1_373' title='bbox 1110 2175 1185 2211; x_wconf 89' lang='lat' dir='ltr'><strong>Der</strong></span> <span class='ocrx_word' id='word_1_374' title='bbox 1203 2175 1392 2211; x_wconf 82' lang='lat' dir='ltr'><strong>Nachsatz</strong></span> <span class='ocrx_word' id='word_1_375' title='bbox 1412 2187 1456 2210; x_wconf 85' lang='lat' dir='ltr'><strong>zu</strong></span> <span class='ocrx_word' id='word_1_376' title='bbox 1482 2176 1655 2221; x_wconf 76' lang='lat' dir='ltr'><strong>quoniam</strong></span> <span class='ocrx_word' id='word_1_377' title='bbox 1678 2176 1749 2212; x_wconf 84' lang='lat' dir='ltr'><strong>ist:</strong></span> 
     </span>
     <span class='ocr_line' id='line_1_54' title="bbox 1003 2223 1747 2259; baseline 0 0"><span class='ocrx_word' id='word_1_378' title='bbox 1003 2224 1059 2259; x_wconf 83' lang='lat' dir='ltr'><strong>ita</strong></span> <span class='ocrx_word' id='word_1_379' title='bbox 1089 2224 1301 2259; x_wconf 81' lang='lat' dir='ltr'><strong>medendum</strong></span> <span class='ocrx_word' id='word_1_380' title='bbox 1326 2226 1385 2258; x_wconf 85' lang='lat' dir='ltr'><strong>ett.</strong></span> <span class='ocrx_word' id='word_1_381' title='bbox 1413 2242 1454 2248; x_wconf 90' lang='lat'><em>-</em></span> <span class='ocrx_word' id='word_1_382' title='bbox 1482 2223 1595 2258; x_wconf 76' lang='lat' dir='ltr'><strong>exiret</strong></span> <span class='ocrx_word' id='word_1_383' title='bbox 1618 2233 1636 2258; x_wconf 88' lang='lat' dir='ltr'><strong>e</strong></span> <span class='ocrx_word' id='word_1_384' title='bbox 1665 2223 1747 2259; x_wconf 84' lang='lat' dir='ltr'><strong>iure</strong></span> 
     </span>
     <span class='ocr_line' id='line_1_55' title="bbox 997 2268 1746 2316; baseline -0.003 -10"><span class='ocrx_word' id='word_1_385' title='bbox 997 2271 1144 2316; x_wconf 75' lang='lat' dir='ltr'><strong>patrio,</strong></span> <span class='ocrx_word' id='word_1_386' title='bbox 1183 2270 1216 2305; x_wconf 87' lang='grc'><strong>11.</strong></span> <span class='ocrx_word' id='word_1_387' title='bbox 1242 2270 1278 2305; x_wconf 85' lang='grc'><strong>11.</strong></span> <span class='ocrx_word' id='word_1_388' title='bbox 1311 2268 1378 2304; x_wconf 88' lang='lat' dir='ltr'><strong>das</strong></span> <span class='ocrx_word' id='word_1_389' title='bbox 1415 2268 1619 2305; x_wconf 87' lang='lat' dir='ltr'><strong>rechtliche</strong></span> <span class='ocrx_word' id='word_1_390' title='bbox 1655 2268 1746 2305; x_wconf 91' lang='lat' dir='ltr'><strong>Ver-</strong></span> 
     </span>
     <span class='ocr_line' id='line_1_56' title="bbox 1002 2316 1740 2362; baseline 0 -10"><span class='ocrx_word' id='word_1_391' title='bbox 1002 2317 1142 2352; x_wconf 70' lang='lat' dir='ltr'><strong>haltnis</strong></span> <span class='ocrx_word' id='word_1_392' title='bbox 1185 2328 1268 2352; x_wconf 87' lang='lat' dir='ltr'><strong>zum</strong></span> <span class='ocrx_word' id='word_1_393' title='bbox 1306 2316 1422 2351; x_wconf 82' lang='lat' dir='ltr'><strong>Vater</strong></span> <span class='ocrx_word' id='word_1_394' title='bbox 1457 2316 1559 2351; x_wconf 85' lang='lat' dir='ltr'><strong>ward</strong></span> <span class='ocrx_word' id='word_1_395' title='bbox 1600 2316 1740 2362; x_wconf 70' lang='lat' dir='ltr'><strong>gelost3</strong></span> 
     </span>
     <span class='ocr_line' id='line_1_57' title="bbox 1004 2362 1604 2400; baseline 0 0"><span class='ocrx_word' id='word_1_396' title='bbox 1004 2365 1140 2400; x_wconf 81' lang='lat' dir='ltr'><strong>ebenso</strong></span> <span class='ocrx_word' id='word_1_397' title='bbox 1165 2363 1227 2399; x_wconf 87' lang='lat' dir='ltr'><strong>bei</strong></span> <span class='ocrx_word' id='word_1_398' title='bbox 1253 2363 1324 2399; x_wconf 89' lang='lat' dir='ltr'><strong>den</strong></span> <span class='ocrx_word' id='word_1_399' title='bbox 1348 2362 1604 2400; x_wconf 83' lang='lat' dir='ltr'><strong>Vestalinnen.</strong></span> 
     </span>
    </p>

    <p class='ocr_par' dir='ltr' id='par_1_17' title="bbox 998 2409 1745 2634">
     <span class='ocr_line' id='line_1_58' title="bbox 1053 2409 1745 2446; baseline 0 0"><span class='ocrx_word' id='word_1_400' title='bbox 1053 2415 1106 2446; x_wconf 90' lang='lat'><strong>10.</strong></span> <span class='ocrx_word' id='word_1_401' title='bbox 1143 2411 1185 2446; x_wconf 88' lang='lat' dir='ltr'><strong>in</strong></span> <span class='ocrx_word' id='word_1_402' title='bbox 1208 2421 1357 2446; x_wconf 86' lang='lat' dir='ltr'><strong>manum</strong></span> <span class='ocrx_word' id='word_1_403' title='bbox 1382 2411 1570 2446; x_wconf 78' lang='lat' dir='ltr'><strong>convenire</strong></span> <span class='ocrx_word' id='word_1_404' title='bbox 1595 2409 1745 2446; x_wconf 87' lang='lat' dir='ltr'><strong>bezieht</strong></span> 
     </span>
     <span class='ocr_line' id='line_1_59' title="bbox 1001 2456 1743 2503; baseline 0.001 -11"><span class='ocrx_word' id='word_1_405' title='bbox 1001 2457 1080 2493; x_wconf 87' lang='lat' dir='ltr'><strong>sich</strong></span> <span class='ocrx_word' id='word_1_406' title='bbox 1099 2457 1165 2493; x_wconf 85' lang='lat' dir='ltr'><strong>auf</strong></span> <span class='ocrx_word' id='word_1_407' title='bbox 1181 2457 1240 2492; x_wconf 87' lang='lat' dir='ltr'><strong>die</strong></span> <span class='ocrx_word' id='word_1_408' title='bbox 1253 2456 1458 2492; x_wconf 86' lang='lat' dir='ltr'><strong>rechtliche</strong></span> <span class='ocrx_word' id='word_1_409' title='bbox 1471 2457 1743 2503; x_wconf 82' lang='lat' dir='ltr'><strong>Besitznahme,</strong></span> 
     </span>
     <span class='ocr_line' id='line_1_60' title="bbox 1000 2503 1741 2549; baseline 0.003 -10"><span class='ocrx_word' id='word_1_410' title='bbox 1000 2505 1081 2539; x_wconf 90' lang='lat' dir='ltr'><strong>hier</strong></span> <span class='ocrx_word' id='word_1_411' title='bbox 1099 2504 1167 2539; x_wconf 91' lang='lat' dir='ltr'><strong>auf</strong></span> <span class='ocrx_word' id='word_1_412' title='bbox 1183 2504 1242 2539; x_wconf 84' lang='lat' dir='ltr'><strong>die</strong></span> <span class='ocrx_word' id='word_1_413' title='bbox 1268 2505 1521 2547; x_wconf 82' lang='lat' dir='ltr'><strong>confarreatio.</strong></span> <span class='ocrx_word' id='word_1_414' title='bbox 1560 2503 1644 2549; x_wconf 87' lang='lat' dir='ltr'><strong>Vgl.</strong></span> <span class='ocrx_word' id='word_1_415' title='bbox 1666 2504 1741 2541; x_wconf 84' lang='lat' dir='ltr'><strong>Cic.</strong></span> 
     </span>
     <span class='ocr_line' id='line_1_61' title="bbox 999 2551 1743 2596; baseline 0.001 -10"><span class='ocrx_word' id='word_1_416' title='bbox 999 2552 1076 2596; x_wconf 84' lang='lat' dir='ltr'><strong>top.</strong></span> <span class='ocrx_word' id='word_1_417' title='bbox 1103 2555 1143 2594; x_wconf 88' lang='lat'><strong>4,</strong></span> <span class='ocrx_word' id='word_1_418' title='bbox 1170 2554 1214 2586; x_wconf 89' lang='grc'><strong>23</strong></span> <span class='ocrx_word' id='word_1_419' title='bbox 1250 2551 1379 2586; x_wconf 83' lang='lat' dir='ltr'><strong>mulier</strong></span> <span class='ocrx_word' id='word_1_420' title='bbox 1412 2551 1491 2586; x_wconf 75' lang='lat' dir='ltr'><strong>viro</strong></span> <span class='ocrx_word' id='word_1_421' title='bbox 1521 2551 1564 2586; x_wconf 82' lang='lat' dir='ltr'><strong>in</strong></span> <span class='ocrx_word' id='word_1_422' title='bbox 1593 2561 1743 2587; x_wconf 88' lang='lat' dir='ltr'><strong>manum</strong></span> 
     </span>
     <span class='ocr_line' id='line_1_62' title="bbox 998 2599 1173 2634; baseline -0.011 0"><span class='ocrx_word' id='word_1_423' title='bbox 998 2599 1173 2634; x_wconf 82' lang='lat' dir='ltr'><strong>convenit.</strong></span> 
     </span>
    </p>

    <p class='ocr_par' dir='ltr' id='par_1_18' title="bbox 996 2643 1742 2784">
     <span class='ocr_line' id='line_1_63' title="bbox 1049 2643 1742 2690; baseline 0 -12"><span class='ocrx_word' id='word_1_424' title='bbox 1049 2648 1104 2679; x_wconf 91' lang='lat'><strong>11.</strong></span> <span class='ocrx_word' id='word_1_425' title='bbox 1138 2648 1203 2680; x_wconf 88' lang='lat' dir='ltr'><strong>aut</strong></span> <span class='ocrx_word' id='word_1_426' title='bbox 1234 2645 1322 2690; x_wconf 74' lang='lat' dir='ltr'><strong>leye,</strong></span> <span class='ocrx_word' id='word_1_427' title='bbox 1354 2644 1433 2679; x_wconf 90' lang='lat' dir='ltr'><strong>also</strong></span> <span class='ocrx_word' id='word_1_428' title='bbox 1465 2643 1581 2678; x_wconf 86' lang='lat' dir='ltr'><strong>durch</strong></span> <span class='ocrx_word' id='word_1_429' title='bbox 1606 2643 1742 2679; x_wconf 87' lang='lat' dir='ltr'><strong>Volks-</strong></span> 
     </span>
     <span class='ocr_line' id='line_1_64' title="bbox 998 2690 1742 2736; baseline 0.001 -10"><span class='ocrx_word' id='word_1_430' title='bbox 998 2691 1198 2736; x_wconf 81' lang='lat' dir='ltr'><strong>beschluss‚</strong></span> <span class='ocrx_word' id='word_1_431' title='bbox 1219 2702 1295 2727; x_wconf 86' lang='lat' dir='ltr'><strong>was</strong></span> <span class='ocrx_word' id='word_1_432' title='bbox 1315 2702 1381 2736; x_wconf 92' lang='lat' dir='ltr'><strong>pro</strong></span> <span class='ocrx_word' id='word_1_433' title='bbox 1398 2690 1518 2726; x_wconf 84' lang='lat' dir='ltr'><strong>forma</strong></span> <span class='ocrx_word' id='word_1_434' title='bbox 1530 2690 1627 2726; x_wconf 88' lang='lat' dir='ltr'><strong>noch</strong></span> <span class='ocrx_word' id='word_1_435' title='bbox 1640 2690 1742 2727; x_wconf 81' lang='lat' dir='ltr'><strong>daun</strong></span> 
     </span>
     <span class='ocr_line' id='line_1_65' title="bbox 996 2738 1407 2791; baseline -0.005 -17"><span class='ocrx_word' id='word_1_436' title='bbox 996 2739 1073 2774; x_wconf 88' lang='lat' dir='ltr'><strong>und</strong></span> <span class='ocrx_word' id='word_1_437' title='bbox 1099 2749 1207 2774; x_wconf 86' lang='lat' dir='ltr'><strong>wann</strong></span> <span class='ocrx_word' id='word_1_438' title='bbox 1232 2738 1407 2791; x_wconf 79' lang='lat' dir='ltr'><strong>geschah.</strong></span> 
     </span>
    </p>

    <p class='ocr_par' dir='ltr' id='par_1_19' title="bbox 997 2782 1740 2877">
     <span class='ocr_line' id='line_1_66' title="bbox 1048 2782 1740 2842; baseline -0.001 -21"><span class='ocrx_word' id='word_1_439' title='bbox 1048 2789 1102 2821; x_wconf 91' lang='lat'><strong>13.</strong></span> <span class='ocrx_word' id='word_1_440' title='bbox 1137 2786 1320 2821; x_wconf 81' lang='lat' dir='ltr'><strong>demutare</strong></span> <span class='ocrx_word' id='word_1_441' title='bbox 1353 2784 1405 2820; x_wconf 84' lang='lat' dir='ltr'><strong>ist</strong></span> <span class='ocrx_word' id='word_1_442' title='bbox 1438 2782 1643 2842; x_wconf 86' lang='lat' dir='ltr'><strong>eigentlich</strong></span> <span class='ocrx_word' id='word_1_443' title='bbox 1682 2795 1740 2820; x_wconf 85' lang='lat' dir='ltr'><strong>ar-</strong></span> 
     </span>
     <span class='ocr_line' id='line_1_67' title="bbox 997 2828 1599 2877; baseline -0.005 -8"><span class='ocrx_word' id='word_1_444' title='bbox 997 2833 1158 2877; x_wconf 87' lang='lat' dir='ltr'><strong>chaisch,</strong></span> <span class='ocrx_word' id='word_1_445' title='bbox 1184 2831 1247 2867; x_wconf 91' lang='lat' dir='ltr'><strong>bei</strong></span> <span class='ocrx_word' id='word_1_446' title='bbox 1271 2831 1421 2867; x_wconf 84' lang='lat' dir='ltr'><strong>Tacitus</strong></span> <span class='ocrx_word' id='word_1_447' title='bbox 1447 2828 1512 2867; x_wconf 79' lang='grc' dir='ltr'><strong>ἅπ.</strong></span> <span class='ocrx_word' id='word_1_448' title='bbox 1533 2829 1599 2877; x_wconf 83' lang='grc' dir='ltr'><strong>εἰρ.</strong></span> 
     </span>
    </p>
   </div>
  </div>
 </body>
</html>
