1820 3100
601 77 828 115 LIBERVI.
879 75 980 114 cAP.
1001 80 1106 113 5-7.

1560 73 1647 118 263

82 203 210 244 posse
242 188 378 244 aspici
408 187 596 229 laniatus
629 189 673 229 et
701 186 831 242 ictus,
869 184 1039 242 quando
1078 186 1129 226 ut
1164 198 1348 240 corpora
1386 185 1648 251 verberi-bus,

81 249 144 290 ita
171 247 363 302 saevitia,
387 246 576 301 libidine,
601 245 728 288 malis
753 245 960 288 consultis
987 244 1156 286 animus
1182 243 1450 285 dilaceretur.
1486 243 1648 310 quippe

82 306 302 349 Tiberium
338 320 426 348 non
461 305 654 360 fortuna,
691 319 780 346 non
817 303 1073 347 solitudines
1103 302 1394 358 protegebam:
1425 302 1528 357 quin
1560 305 1648 344 tor·
1676 312 1719 344 10

82 368 231 408 menta
261 363 448 420 pectoris
481 378 663 420 suasque
695 363 788 419 ipse
818 377 980 418 poenas
1012 362 1232 404 fateretur.

202 423 312 466 Tum
349 423 465 465 facta
500 423 698 479 patribus
735 424 953 478 potestate
991 420 1209 464 statuendi
1245 420 1296 462 de
1329 418 1372 463 G.
1404 418 1647 463 Caeciliano
1675 421 1699 462 7

82 486 301 538 senatore,
331 482 403 538 qui
434 482 622 537 plurima.
653 482 879 524 adversum
911 479 1088 524 Cottam
1117 482 1409 535 prompserat,
1439 479 1648 535 placitum

81 543 262 585 eandem
298 556 483 598 poenam
521 541 715 597 inrogari
752 555 881 596 quam
918 541 963 583 in
1000 539 1231 582 Aruseium
1269 540 1314 581 et
1351 537 1648 594 Sanquinium,

84 604 358 645 accusatores
390 600 437 642 L.
467 599 687 655 Arruntii3
725 614 809 656 quo
841 614 928 643 non
962 598 1078 642 aliud
1108 598 1463 641 honorificentius
1495 596 1647 640 Cottae

81 661 241 715 evenit,
280 659 354 715 qui
383 659 545 702 nobilis
578 659 768 715 quidem,
806 659 880 701 sed
912 672 1043 714 egens
1076 658 1131 700 ob
1163 658 1331 712 luxum,
1367 672 1443 712 per
1479 656 1648 712 flagitia
1673 667 1694 700 ὅ

79 720 268 775 infamis,
299 718 582 761 sanctissimis
607 717 807 761 Arruntii
838 718 1005 760 artibus
1038 717 1247 773 dignitate
1279 716 1458 759 ultionis
1491 730 1649 771 aequa-

78 779 217 821 batur.

199 835 248 887 Q.
281 835 490 880 Servaeus
530 836 713 892 posthac
752 839 795 879 et
829 835 1044 879 Minucius
1082 835 1292 877 Thermus
1333 834 1516 889 inducti,
1556 832 1649 876 Ser-

79 911 213 939 vaeus
245 899 448 952 praetura
483 895 656 938 functus
694 901 737 938 et
774 895 991 951 quondam
1024 894 1271 937 Germanici
1308 908 1469 948 comes,
1506 892 1648 935 Minu-

80 956 172 999 cius
205 955 394 1011 equestri
424 955 540 1009 loco,
579 955 771 997 modeste
808 954 961 997 habita
993 953 1138 996 Seiani
1170 953 1377 1008 amicitia3
1414 952 1527 995 unde
1558 951 1648 995 illis
1676 964 1721 996 10

83 1015 223 1058 maior
254 1015 488 1056 miseratio.
539 1017 691 1056 contra
723 1013 922 1056 Tiberius
953 1013 1209 1069 praecipuos
1242 1012 1295 1054 ad
1326 1012 1487 1055 scelera
1517 1011 1650 1054 incre-

81 1088 189 1129 pans
231 1073 457 1116 admonuit
497 1072 542 1116 C.
580 1072 772 1116 Cestium
812 1075 981 1127 patrem
1022 1072 1160 1114 dicere
1202 1071 1372 1114 senatui
1417 1085 1525 1126 quae
1567 1069 1651 1113 sibi

83 1133 346 1188 scripsisset,
391 1132 662 1187 suscepitque
701 1130 872 1175 Cestius
917 1131 1247 1174 accusationem.
1309 1130 1423 1186 quod
1464 1129 1650 1172 maxime

81 1192 301 1234 exitiabile
338 1192 476 1234 tulere
512 1191 588 1233 illa
624 1193 842 1247 tempora,
880 1205 977 1233 cum
1013 1191 1225 1246 primores
1264 1192 1438 1232 senatus
1477 1189 1649 1231 infimas

82 1252 215 1294 etiam
240 1251 477 1293 delationes
504 1253 761 1305 exercerent,
790 1250 864 1292 alii
889 1250 1128 1305 propalam,
1161 1249 1287 1291 multi
1311 1263 1389 1303 per
1414 1248 1648 1302 occultum3

79 1324 218 1365 neque
244 1310 507 1352 discerneres
534 1310 701 1352 alienos
727 1324 753 1351 a
777 1309 1032 1363 coniunctis,
1064 1309 1225 1351 amicos
1252 1308 1306 1349 ab
1338 1307 1516 1364 ignotis,
1547 1306 1649 1363 quid

80 1383 235 1424 repens
269 1371 344 1411 aut
375 1371 590 1411 vetustate
622 1369 873 1411 obscurum:
910 1368 1087 1424 perinde
1125 1368 1171 1410 in
1207 1367 1323 1422 foro,
1363 1367 1409 1408 in
1440 1366 1649 1421 convivio,

79 1442 252 1484 quaqua
283 1428 334 1470 de
365 1443 411 1470 re
443 1428 575 1470 locuti
608 1428 934 1481 incusabantur,
964 1430 1012 1469 ut
1044 1427 1140 1483 quis
1171 1425 1422 1482 praevenire
1455 1429 1498 1467 et
1527 1439 1648 1467 reum

81 1487 297 1530 destinare
329 1490 545 1543 properat,
576 1501 679 1542 pars
712 1487 766 1529 ad
799 1486 1039 1529 subsidium
1068 1486 1146 1542 sui,
1176 1485 1323 1540 plures
1349 1484 1499 1527 infecti
1524 1484 1647 1540 quasi

80 1546 326 1589 valetudine
369 1549 413 1588 et
455 1548 668 1589 contactu.

80 1674 149 1710 Die
189 1686 265 1710 nun
301 1674 476 1720 folgende
515 1674 631 1710 Stelle
668 1675 719 1710 ist
761 1685 828 1710 aus

80 1722 209 1758 Platos
253 1721 411 1768 Gorgias
455 1725 525 1757 524
556 1721 586 1756 Ε
631 1722 716 1758 sehr
758 1722 828 1758 frei

82 1770 218 1814 citiert,
232 1781 289 1805 wo
304 1769 393 1805 aber
405 1769 511 1805 nicht
524 1780 598 1805 von
612 1770 635 1804 d
661 1781 697 1804 m
711 1769 828 1804 bsssen

82 1816 272 1852 Gewissen
303 1817 369 1852 der
399 1816 596 1861 Tyrannen
658 1816 694 1851 ie
724 1816 827 1851 Rede

82 1864 149 1908 ist,
194 1865 356 1899 sondern
391 1874 465 1899 von
506 1863 591 1899 dem
636 1863 828 1899 sittlichen

84 1910 267 1954 Schaden,
294 1911 367 1946 den
390 1910 472 1946 ihre
499 1910 605 1946 Seele
631 1910 798 1946 erleidet.

130 1962 164 1995 8.
200 1958 364 1994 laniatus
398 1961 430 1993 et
462 1958 574 2001 ictus,
608 1957 670 1993 bei
701 1957 827 1993 Plato.

82 2003 482 2063 διαμεμαστιγωμένην
501 2002 584 2051 (τὴν
601 2003 744 2050 ψυχήν)
764 2005 829 2039 καὶ

84 2050 204 2088 οὐλῶν
239 2050 376 2098 μεστὴν
411 2049 487 2088 ὑπὸ
524 2049 728 2097 ἐπιορκιῶν
762 2050 829 2086 καὶ

82 2096 244 2140 ἀδικίας.

130 2151 162 2183 9.
194 2148 369 2190 saevitia,
402 2147 572 2191 libidine,
606 2146 716 2182 malis
746 2156 828 2182 con-

81 2195 209 2236 sultis;
246 2194 308 2230 bei
342 2194 452 2230 Plato
489 2194 574 2230 sehr
611 2192 826 2229 wortreich.

81 2242 147 2278 καὶ
177 2239 254 2277 ὑπὸ
288 2238 460 2285 ἔξουσίας
490 2241 556 2276 καὶ
586 2241 731 2298 τρυφῆς
763 2241 829 2276 καὶ

82 2286 266 2335 ἄκρατίας
287 2289 362 2324 τῶν
376 2287 556 2344 πράξεων
567 2284 829 2346 ἆσυμμετρίᾳς

81 2349 120 2372 τε
156 2336 221 2372 καὶ
256 2333 497 2381 αἰσχρότητος
531 2334 722 2381 γέμουσαν
759 2332 828 2380 τὴν

82 2382 209 2429 ψυχὴν
237 2382 353 2419 εἶδεν.

132 2434 187 2467 10.
214 2432 306 2477 quin
329 2431 380 2466 ist
405 2430 480 2465 fast
506 2447 551 2459 =
575 2431 647 2473 sed,
674 2429 743 2465 wie
769 2440 827 2475 cp.

82 2481 128 2514 38
163 2489 239 2514 non
272 2479 367 2514 enim
405 2478 588 2513 Tiberium
615 2498 656 2503 -—
690 2480 830 2522 tempus

79 2536 203 2571 preces
236 2527 352 2561 satias
388 2525 609 2571 mitiyabant
644 2525 735 2570 quin
771 2525 829 2560 in-

83 2576 181 2609 certa
204 2574 259 2609 vel
283 2573 422 2609 abolita
450 2583 519 2616 pro
544 2572 774 2617 gravissimis
797 2574 830 2608 et

83 2621 285 2656 recentibus
303 2621 467 2666 pwniret.
508 2618 542 2655 S.
563 2619 659 2655 Einl.
680 2623 712 2662 ξ.
733 2623 788 2655 99.

133 2667 169 2704 7.
203 2671 235 2703 1.
275 2667 508 2703 Caecilianus
541 2667 618 2702 und
649 2667 831 2703 Aruseius

84 2714 167 2750 sind
191 2714 419 2751 unbekannt.

131 2765 164 2797 3.
200 2761 432 2807 Sanquinius
465 2761 516 2797 ist
549 2761 658 2797 nicht
691 2760 756 2796 der
790 2760 831 2795 in

106 2812 185 2853 114
203 2810 403 2845 erwahnte.
430 2809 637 2845 Arruntius
656 2820 700 2843 zu
721 2811 829 2852 1,13.

87 2819 162 2890 Der
192 2855 345 2892 Bericht
373 2857 466 2892 fiber
498 2856 558 2892 die
583 2855 757 2901 Anklage
780 2855 831 2890 ist

737 1546 811 1588 sed
853 1545 1069 1588 Minucius
1113 1548 1157 1587 et
1200 1543 1410 1587 Servaeus
1455 1543 1649 1586 damnati

900 1674 938 1710 in
971 1675 1037 1710 der
1067 1673 1194 1709 Lt‘icke
1226 1673 1292 1709 des
1323 1672 1473 1708 fiinften
1503 1671 1650 1708 Buches

900 1722 1072 1757 verloren
1097 1732 1307 1767 gegangen.

949 1774 980 1806 6.
1020 1769 1260 1805 sanctissimis
1283 1768 1463 1803 Arruntii
1493 1767 1648 1803 artibus.

899 1816 951 1851 Er
981 1827 1060 1851 war
1093 1816 1153 1851 ein
1183 1814 1375 1862 tiichtiger
1399 1814 1549 1850 Redner
1573 1814 1649 1849 und

901 1863 957 1898 als
995 1862 1179 1899 Politiker
1217 1874 1257 1898 so
1294 1862 1523 1904 bedeufflnd,
1567 1860 1649 1896 dass

902 1910 1094 1955 Augustus
1118 1910 1186 1945 ihn
1203 1909 1263 1944 fiir
1283 1909 1429 1954 wfirdig
1447 1908 1523 1943 und
1542 1907 1650 1954 fahig

902 1957 1077 2000 erklarte,
1095 1957 1175 1993 sein
1188 1956 1420 2002 Nachfolger
1432 1968 1477 1991 zu
1488 1955 1649 1991 werden.

949 2055 981 2087 8.
1015 2052 1193 2087 Servaeus
1224 2062 1301 2086 war
1326 2050 1377 2085 im
1403 2050 1436 2085 J.
1461 2053 1503 2085 18
1530 2049 1650 2095 Legat

901 2098 966 2133 des
993 2098 1235 2134 Germanicus
1260 2097 1301 2132 in
1325 2096 1439 2133 Asien
1463 2108 1648 2143 gewesen.

950 2149 981 2181 9.
990 2146 1183 2181 Minucius
1190 2146 1240 2181 ist
1247 2147 1351 2181 sonst
1361 2144 1466 2180 nicht
1473 2144 1648 2180 bekannt.

951 2197 1007 2228 12
1032 2184 1132 2229 Uber
1159 2193 1196 2229 0.
1220 2192 1360 2229 Cestius
1384 2205 1410 2227 s
1431 2205 1475 2227 zu
1500 2196 1534 2235 3,
1555 2196 1612 2228 36.

950 2244 1005 2277 14.
1030 2241 1232 2277 exitiabilis
1267 2240 1475 2286 gebraucht
1498 2239 1649 2274 Tacitus

902 2287 1039 2324 ebenso
1066 2290 1135 2334 gut
1159 2288 1229 2323 wie
1254 2288 1452 2332 eoeitiosus;
1475 2298 1550 2322 von
1577 2286 1651 2322 den

900 2334 1120 2372 Klassikern
1150 2335 1219 2371 hat
1249 2345 1289 2370 es
1323 2347 1394 2370 nur
1424 2333 1553 2370 Cicero
1589 2333 1650 2369 ein

901 2383 979 2418 Mal
1003 2382 1043 2418 in
1063 2383 1185 2418 einem
1205 2381 1339 2417 Briefe.
1379 2382 1492 2417 Sonst
1509 2381 1562 2417 ist
1581 2381 1649 2416 das

900 2429 1011 2466 Wort
1041 2429 1212 2476 poetisch
1242 2429 1320 2464 und
1351 2427 1647 2464 nachklassisch.

957 2481 1011 2513 17.
1056 2487 1183 2522 repens
1226 2477 1319 2512 statt
1361 2486 1484 2512 recens
1532 2474 1651 2510 findet

902 2524 980 2560 sich
1010 2536 1081 2559 nur
1113 2523 1172 2560 bei
1202 2523 1351 2559 Tacitus
1386 2523 1463 2558 und
1499 2523 1576 2558 erst
1609 2522 1650 2558 in

902 2571 975 2606 den
999 2571 1137 2606 beiden
1162 2570 1352 2617 gresseren
1377 2569 1553 2605 Werken.

954 2621 1008 2654 18.
1034 2629 1193 2664 quaqua.
1226 2618 1301 2653 Das
1326 2617 1428 2652 Fem.
1455 2628 1528 2653 von
1551 2617 1650 2663 quis-

903 2666 986 2710 quis
1009 2665 1156 2701 kommt
1179 2665 1307 2700 frtiher
1338 2663 1443 2700 nicht
1473 2675 1556 2708 vor,
1588 2663 1650 2700 bei

904 2712 991 2748 Tac.
1017 2724 1087 2748 nur
1111 2713 1202 2748 hier.

950 2763 1007 2795 20.
1042 2760 1250 2796 valetudine
1280 2762 1313 2795 et
1347 2762 1516 2796 contactu
1552 2769 1650 2803 „von

903 2806 1006 2843 einer
1066 2807 1341 2843 ansteckenden
1401 2806 1650 2851 Krankheit“,

902 2853 1128 2899 Hendiadys.

1675 1258 1720 1292 15

1674 1554 1720 1587 20
