1794 3126
0 2297 9 2301 -
50 2267 113 2303 bei
143 2267 230 2303 Tac.
262 2264 327 2303 ἅπ.
355 2267 423 2314 εἰρ.

585 107 730 143 LIBER
754 107 833 146 XV.
873 107 976 145 CAP.
1005 112 1107 145 1—3.

1546 108 1629 151 171

55 231 188 274 penes
219 215 493 259 Adiabenum
523 217 733 273 regimen,
770 216 885 272 quod
922 217 1185 272 praesidium
1217 219 1294 259 aut
1323 218 1435 260 unde
1466 220 1632 287 peteret

55 276 264 333 rogitans.
322 276 409 319 iam
448 276 500 319 de
531 276 741 319 Armenia
771 289 1039 330 concessum,
1076 276 1274 331 proxima
1303 277 1436 331 trahi3
1474 279 1518 319 et
1546 279 1632 320 nisi
1659 287 1702 320 15

57 335 289 378 defendant
311 335 477 391 Parthi,
508 336 644 378 levius
670 334 895 377 servitium
920 309 1039 390 apud⁷
1059 334 1280 378 Romanos
1313 335 1470 378 deditis
1502 351 1630 391 quam

57 395 197 450 captis
224 409 330 438 esse.
373 395 588 437 Tiridates
621 408 792 462 quoque
816 395 941 451 regni
970 394 1182 450 profugus
1207 409 1286 451 per
1312 395 1530 438 silentium
1557 398 1632 438 aut

55 454 222 497 modice
262 454 476 510 querendo
515 454 690 509 gravior
721 455 831 496 erat:
867 468 959 496 non
996 454 1112 496 enim
1149 454 1326 510 ignavia
1356 469 1518 512 magna
1551 455 1630 497 im-

54 513 177 568 peria
209 514 438 568 contineri3
479 513 671 556 virorum
702 527 1004 569 armorumque
1035 513 1281 556 faciendum
1313 516 1546 570 certamen,
1586 514 1631 557 id

54 573 100 615 in
132 588 300 616 summa
331 573 507 615 fortuna
539 572 718 628 aequius
759 573 874 628 quod
904 573 1109 628 validius3
1149 575 1193 615 et
1223 588 1301 616 sua
1330 574 1514 616 retinere
1545 574 1630 629 pri·
1656 582 1702 615 20

54 634 181 675 vatae
213 632 383 687 domus,
415 631 466 674 de
499 632 652 674 alienis
685 634 848 674 certare
880 633 1046 688 regiam
1079 632 1252 675 laudem
1285 647 1390 676 esse.

173 691 317 748 Igitur
348 693 591 734 commotus
622 691 691 734 his
717 690 958 747 Vologeses
991 692 1220 735 concilium
1250 695 1381 735 vocat
1412 695 1456 735 et
1485 690 1671 748 proxi—2

54 765 172 793 mum
211 750 297 792 sibi
331 750 554 793 Tiridaten
591 751 819 794 constituit
860 754 990 806 atque
1026 751 1089 794 ita
1132 751 1318 795 orditur:

1369 751 1381 771 ‘
1390 753 1505 795 hunc
1548 765 1628 808 ego

53 810 204 852 eodem
236 824 404 853 mecum
441 813 564 866 patre
603 811 815 866 genitum,
852 825 950 853 cum
980 811 1089 853 mihi
1124 825 1202 866 per
1239 813 1427 854 aetatem
1459 826 1629 854 summo

52 869 228 912 nomine
253 870 549 925 concessisset,
580 870 627 912 in
651 870 969 925 possessionem
994 870 1225 913 Armeniae
1252 871 1418 926 deduxi,
1446 872 1519 927 qui
1544 874 1630 914 ter-

52 929 140 971 tius
172 929 391 984 potentiae
424 929 584 986 gradus
615 929 818 985 habetur3
849 944 953 972 nam
981 929 1132 972 Medos
1158 929 1346 973 Pacorus
1378 933 1478 973 ante
1510 945 1627 985 cepe·
1655 939 1676 971 5

52 989 135 1030 rat.
166 988 428 1044 videbarque
448 990 600 1031 contra
618 990 767 1031 vetera
784 989 970 1031 fratrum
991 989 1090 1032 odia
1110 991 1153 1031 et
1172 990 1410 1033 certamina
1435 990 1629 1032 familiae

51 1049 226 1090 nostrae
257 1050 436 1103 penates
467 1048 550 1090 rite
582 1049 890 1104 composuisse.
933 1049 1170 1104 prohibent
1194 1049 1380 1092 Romani
1405 1051 1449 1092 et
1478 1064 1629 1105 pacem

51 1121 290 1163 numquam
333 1107 441 1162 ipsis
479 1122 686 1163 prospere
722 1108 970 1150 lacessitam
1005 1104 1121 1151 1111118
1160 1123 1327 1165 quoque
1365 1109 1412 1151 in
1449 1109 1629 1151 exitium

53 1180 178 1208 suum
210 1165 486 1222 abrumpunt.
540 1182 629 1210 non
666 1167 739 1210 ibo
771 1167 953 1210 infitias·
993 1168 1211 1224 aequitate
1243 1183 1373 1224 quam
1404 1169 1629 1236 sanguine,

51 1240 183 1268 causa
208 1240 338 1281 quam
363 1226 495 1268 armis
520 1226 706 1269 retinere
731 1229 858 1294 parta
882 1227 1119 1270 maioribus
1144 1228 1393 1270 malueram.
1434 1229 1471 1270 si
1502 1235 1700 1271 cunc-10

50 1286 217 1327 tatione
249 1284 429 1341 deliqui,
460 1285 620 1328 virtute
662 1286 888 1342 corrigam.
938 1289 1082 1330 vestra
1113 1287 1286 1342 quidem
1315 1288 1380 1330 vis
1413 1290 1455 1330 81
1486 1284 1660 1355 gloria

50 1345 97 1387 in
133 1344 305 1400 integro
345 1347 431 1401 est,
475 1345 621 1388 addita
658 1345 896 1389 modestiae
932 1345 1067 1401 fama,
1112 1361 1219 1402 quae
1262 1361 1402 1414 neque
1441 1347 1622 1390 summis

50 1404 300 1446 mortalium
332 1405 574 1459 spernenda
612 1407 679 1447 est
719 1407 763 1447 et
800 1420 826 1447 a
866 1405 932 1447 dis
971 1405 1254 1448 aestimatur?

1318 1406 1446 1449 simul
1484 1406 1626 1449 diade-

50 1465 167 1505 mate
199 1465 328 1519 caput
353 1463 562 1506 Tiridatis
588 1464 771 1519 evinxit3
803 1467 1052 1521 promptam
1078 1466 1270 1520 equitum
1295 1481 1485 1521 manum,
1517 1480 1626 1522 quae

49 1536 197 1579 regem
229 1537 282 1564 ex
313 1537 433 1566 more
465 1525 667 1579 sectatur,
697 1524 895 1566 Monaesi
925 1525 1064 1567 nobili
1093 1525 1187 1567 viro
1219 1525 1416 1579 tradidit,
1448 1525 1626 1568 adiectis
1654 1532 1697 1564 15

49 1581 377 1625 Adiabenorum
397 1583 579 1638 auxiliis,
600 1583 908 1639 mandavitque
922 1583 1143 1640 Tigranen
1155 1583 1364 1627 Armenia
1383 1585 1627 1640 exturbare,

49 1641 152 1684 dum
195 1641 288 1697 ipse
332 1642 487 1697 positis
526 1642 729 1685 adversus
766 1642 995 1699 Hyrcanos
1034 1643 1257 1686 discordiis
1298 1644 1410 1686 vires
1447 1644 1624 1687 intimas

50 1700 293 1755 molemque
324 1701 428 1743 belli
459 1701 561 1756 ciet,
592 1702 827 1757 provinciis
859 1702 1069 1745 Romanis
1100 1703 1319 1746 minitans.

171 1759 289 1809 Quae
328 1760 404 1803 ubi
442 1758 682 1804 Corbuloni
719 1762 846 1804 certis
883 1762 1047 1805 nuntiis
1086 1762 1234 1805 audita
1272 1765 1394 1818 sunt,
1431 1760 1667 1818 legiones-3

49 1818 158 1861 duas
184 1833 282 1861 cum
308 1818 527 1863 Verulano
555 1819 711 1864 Severo
739 1823 782 1863 et
806 1820 956 1864 Vettio
981 1820 1152 1864 Bolano
1179 1822 1418 1864 subsidium
1444 1822 1627 1879 Tigrani

50 1936 135 1980 der,
174 1935 259 1971 dem
294 1935 418 1972 Juden
454 1936 590 1980 Izates,
629 1936 695 1971 auf
730 1936 802 1972 den

50 1983 177 2019 Thron
203 1983 360 2029 gefolgt.

100 2034 155 2066 15.
193 2031 294 2066 trahi
331 2031 579 2076 „geph‘indert
614 2030 801 2076 werden“‚

50 2077 122 2114 wie
149 2082 182 2123 3,
209 2082 255 2113 74
286 2089 332 2114 ‘ne
365 2078 584 2115 Oirtensium
609 2079 704 2124 payi
734 2080 800 2114 im·

47 2136 148 2171 pune
173 2126 414 2162 traherentur.
454 2126 541 2162 hist.
562 2130 595 2172 2,
618 2130 660 2162 61
682 2137 802 2173 pagos

52 2173 229 2209 trahebat.

100 2224 156 2258 1⁷.
182 2221 370 2277 profuyus
405 2220 476 2256 mit
511 2221 598 2257 dem
629 2221 799 2265 Geneffiv,

415 2295 444 2313 .,
482 2269 578 2304 auch
609 2268 672 2305 bei
701 2269 800 2305 Ρ1111.

52 2327 89 2352 11.
114 2315 152 2351 h.
179 2319 198 2351 7
225 2318 256 2358 §-
284 2319 352 2351 104
376 2316 452 2351 und
478 2316 671 2362 Spateren.

98 2410 135 2446 2.
176 2414 207 2445 1.
243 2409 362 2446 Unter
393 2411 589 2446 concilium
618 2411 670 2446 ist
700 2411 802 2447 wohl

50 2457 140 2493 kein
172 2457 288 2493 Senat
317 2457 408 2493 oder
437 2457 686 2502 Minister-rat,
718 2469 800 2495 son-

52 2505 144 2541 118111
171 2505 232 2540 ein
257 2504 452 2550 Kriegsrat
475 2517 520 2541 zu
544 2506 751 2542 verstehen.

98 2556 132 2589 4.
157 2553 313 2595 deduaei,
338 2552 390 2587 im
414 2551 529 2588 Jahre
555 2556 610 2589 51.

100 2603 133 2636 5.
158 2591 259 2636 Uber
290 2580 350 2636 die
376 2599 504 2635 Meder
533 2611 561 2636 8.
588 2612 635 2635 zu
660 2604 717 2645 13,
741 2604 799 2636 41.

100 2652 132 2683 9.
154 2648 368 2693 abrumpere
386 2646 584 2684 verbindet
596 2647 683 2684 Tac.
703 2647 800 2683 auch

50 2695 124 2731 mit
167 2695 240 2732 den
283 2694 353 2741 Obj
357 2695 470 2731 ekten
512 2705 628 2740 spem,
675 2695 802 2739 vitam,

49 2743 286 2788 patientiam,
310 2743 434 2786 fidem,
463 2742 802 2779 dissimulationem.

53 2789 102 2826 So
120 2802 191 2826 nur
215 2790 278 2826 bei
294 2789 478 2826 Dichtern
495 2789 573 2826 und
600 2789 653 2825 im
672 2790 801 2826 8111181·-

52 2848 126 2873 11811
162 2837 308 2874 Latein.
351 2858 396 2864 —
440 2836 511 2873 Die
543 2837 801 2873 unklassische

52 2884 192 2921 Phrase
216 2885 359 2930 infitias
383 2886 456 2930 ire,
491 2884 618 2931 haufig
642 2884 704 2921 bei
729 2884 802 2921 den

873 1937 1092 1981 Komikern,
1121 1938 1243 1974 selten
1266 1937 1306 1973 in
1331 1938 1397 1973 der
1414 1939 1530 1975 Prosa
1554 1939 1627 1975 8811

873 1985 1035 2077 {Inepqste
1038 1985 1116 2020 und
1154 1984 1302 2030 Livius,
1345 1985 1397 2022 ist
1437 1986 1500 2022 bei
1537 1987 1625 2023 Tac.

923 2084 978 2116 10.
1009 2080 1211 2116 malueram
1247 2080 1333 2125 ,,1811
1364 2081 1470 2118 hatte
1507 2082 1626 2119 lieber

873 2127 1062 2173 gewollt‘ss
1088 2127 1151 2163 bei
1170 2127 1255 2164 Tac.
1275 2126 1382 2165 nicht
1399 2130 1507 2174 oster,
1527 2129 1625 2165 doch

873 2175 990 2211 sehon
1018 2175 1081 2210 1181
1112 2174 1259 2220 Cicero,
1294 2175 1360 2211 der
1395 2177 1492 2212 auch

872 2233 948 2258 non
970 2226 1187 2269 putaram,
1190 2223 1269 2268 ,das
1301 2223 1407 2259 hatte
1432 2223 1495 2260 ich
1519 2204 1625 2260 nicht

873 2269 1070 2316 gedaohtst

923 2321 978 2353 14.
1009 2318 1169 2362 evim-it,
1202 2330 1273 2354 nur
1302 2318 1400 2355 noch
1431 2323 1463 2363 6,
1490 2323 1535 2354 42
1564 2319 1626 2355 Ti-

872 2366 1020 2401 ridaten
1043 2366 1186 2410 insigni
1209 2366 1308 2411 reyio
1332 2347 1492 2410 evinoei’oe
1520 2368 1626 2403 sonst

872 2411 1044 2458 poetisch
1070 2412 1143 2448 seit
1166 2412 1302 2458 Virgil.

922 2464 978 2495 16.
1004 2461 1182 2496 mandare
1214 2461 1286 2496 mit
1314 2460 1473 2496 blossem
1497 2461 1624 2496 Infini-

872 2507 928 2543 tiv
946 2507 1063 2542 findet
1082 2507 1162 2542 sich
1181 2507 1278 2543 auch
1296 2507 1358 2542 bei
1376 2507 1529 2543 Martial
1547 2509 1626 2544 und

874 2554 998 2590 Silius.
1044 2554 1130 2600 Vgl.
1156 2553 1253 2590 Einl.
1280 2557 1310 2597 ἓ.
1339 2559 1395 2591 79.

923 2604 980 2639 18.
1008 2602 1134 2637 molem
1165 2602 1250 2637 belli
1278 2603 1370 2637 ciere
1400 2602 1496 2637 auch
1534 2603 1622 2639 hist.

874 2652 908 2691 3,
935 2652 967 2683 1.
1015 2647 1236 2684 Ausserdem
1268 2649 1370 2685 steht
1398 2650 1506 2686 moles
1540 2651 1625 2686 belli

873 2696 962 2731 hist.
987 2699 1018 2739 1,
1040 2700 1094 2732 61.
1122 2700 1157 2740 2,
1178 2701 1210 2732 6.
1232 2700 1275 2732 16
1295 2696 1372 2732 und
1391 2697 1508 2733 sehon
1527 2697 1624 2734 oster

873 2742 935 2779 bei
959 2743 1100 2780 Livius.

921 2837 960 2874 3.
996 2842 1029 2874 2.
1061 2831 1163 2873 Uber
1186 2838 1396 2875 Verulanus
1428 2851 1456 2875 s.
1488 2852 1533 2875 zu
1566 2844 1621 2885 14,

873 2889 931 2921 26.
964 2905 1008 2912 —-
1040 2885 1206 2932 Vettius,
1239 2887 1364 2932 spater
1388 2888 1498 2923 anter
1522 2887 1623 2924 Nero
