1760 3120
105 422 149 454 20

117 1091 146 1131 4

165 91 223 132 42

598 91 827 128 CORNELII
851 91 1011 128 TACITI
1035 91 1297 128 ANNALIUM

165 199 375 242 exercitus
417 201 676 254 ostentatur,
717 214 807 242 non
837 199 1048 254 obscuris,
1090 201 1139 241 ut
1175 201 1321 255 antea,
1359 200 1510 243 matris
1548 201 1727 258 artibus,

166 258 237 300 sed
275 258 421 314 palam
457 258 646 301 hortatu.

713 273 816 301 nam
854 273 1000 301 senem
1036 257 1291 326 Augustum·
1320 258 1570 302 devinxerat
1606 259 1726 314 adeo,

162 317 228 359 uti
258 319 460 372 nepotem
491 318 678 372 unicum,
707 315 950 373 Agrippam
982 317 1249 372 Postumum,
1278 317 1323 359 in
1353 318 1540 360 insulam
1570 317 1724 362 Plana-

165 376 273 418 siam
312 376 559 431 proiecerit‚
599 377 748 419 rudem
787 391 890 418 sane
926 376 1138 418 bonarum
1176 376 1335 422 artium
1367 379 1411 418 et
1446 377 1602 420 robore
1633 391 1725 420 cor-

162 435 281 489 poris
327 435 484 477 stolide
527 434 732 488 ferocem,
774 435 934 476 nullius
971 437 1116 476 tamen
1160 435 1316 490 flagitii
1355 438 1618 490 conpertum.
1679 438 1726 478 at

162 493 334 536 hercule
373 493 674 536 Germanicum
706 493 848 536 Druso
886 495 1027 535 ortum
1066 495 1162 535 octo
1200 494 1316 547 upud
1355 493 1554 536 Rhenum
1591 494 1724 550 legio-

162 552 290 595 nibus
338 552 533 607 inposuit
575 552 816 608 adscirique
860 566 935 606 per
978 551 1256 605 adoptionem
1300 567 1326 593 a
1369 551 1542 595 Tiberio
1584 553 1724 610 iussit,

162 626 422 666 quamquam
455 613 568 653 esset
598 611 643 653 in
675 611 802 653 domo
828 610 988 653 Tiberii
1018 610 1135 652 filius
1166 611 1344 665 iuvenis,
1371 611 1444 653 sed
1477 626 1560 666 quo
1591 612 1724 667 pluri-

163 670 243 712 bus
275 670 556 712 munimentis
587 670 820 712 insisteret.
880 669 1044 711 bellum
1076 683 1127 711 ea
1156 671 1412 724 tempestate
1442 671 1610 712 nullum
1640 670 1725 713 nisi

103 740 147 773 25
164 729 367 771 adversus
406 728 643 771 Germanos
683 731 922 784 supererat,
963 728 1199 770 abolendae
1242 728 1383 784 magis
1425 729 1629 772 infamiae
1667 730 1724 772 ob

162 788 367 829 amissum
409 802 506 829 cum
547 787 755 838 Quintilio
788 787 906 830 Varo
949 787 1181 829 exercitum
1226 802 1354 842 quam
1392 787 1590 843 cupidine
1626 803 1723 842 pro-

160 847 327 888 ferendi
352 846 522 902 imperii
543 848 618 888 aut
643 846 819 901 dignum
847 846 901 888 ob
927 846 1177 901 praemium.
1216 846 1332 888 domi
1356 860 1425 888 res
1450 847 1722 903 tranquillae,

162 905 311 947 eadem
343 905 677 960 magistratuum
708 904 939 960 vocabula3
978 905 1167 947 iuniores
1204 907 1304 959 post
1334 905 1559 947 Actiacam
1591 906 1726 949 victo-

159 964 287 1018 riam,
331 964 462 1005 etiam
504 978 625 1006 senes
669 964 861 1018 plerique
905 963 1019 1005 inter
1062 963 1178 1005 bella
1215 963 1371 1006 civium
1406 965 1522 1006 nati:
1567 967 1723 1020 quotus

100 1041 145 1072 30
162 1023 341 1078 quisque
371 1023 563 1077 reliquus
596 1023 669 1077 qui
700 1037 791 1064 rem
823 1021 1039 1077 publicam
1070 1022 1278 1064 vidisset?

278 1080 420 1136 Igitur
453 1094 574 1123 verso
606 1081 795 1123 civitatis
829 1083 945 1123 statu
978 1080 1087 1122 nihil
1117 1095 1298 1136 usquam
1329 1081 1460 1135 prisci
1492 1085 1535 1124 et
1564 1082 1724 1138 integri

160 1140 313 1183 moris:
346 1154 494 1182 omnes
527 1142 655 1182 exuta
681 1140 940 1195 aequalitate
966 1139 1083 1181 iussa
1106 1139 1314 1195 principis
1341 1142 1576 1194 aspectare,
1602 1141 1724 1184 nulla

160 1199 206 1240 in
237 1213 442 1254 praesens
473 1199 719 1254 formidine,
758 1199 858 1240 dum
890 1198 1114 1254 Augustus
1147 1201 1288 1240 aetate
1320 1199 1487 1241 validus
1521 1214 1649 1255 seque
1681 1202 1724 1243 et

160 1258 334 1300 domum
361 1260 403 1300 et
427 1272 578 1313 pacem
611 1258 881 1300 sustentavit.
931 1260 1161 1313 postquam
1186 1260 1390 1312 proveeta
1414 1259 1500 1300 iam
1527 1260 1722 1302 senectus

123 1330 289 1371 5aegro
331 1318 375 1358 et
416 1331 593 1371 corpore
636 1316 904 1372 fatigabatur
948 1317 1179 1371 aderatque
1219 1317 1317 1358 finis
1355 1320 1397 1358 et
1433 1331 1532 1371 spes
1574 1332 1723 1372 novae,

159 1376 283 1431 pauci
314 1376 430 1417 bona
460 1375 675 1417 libertatis
702 1376 747 1417 in
780 1390 950 1417 cassum
982 1375 1202 1429 disserere,
1231 1375 1377 1430 plures
1403 1375 1566 1418 bellum
1597 1391 1724 1431 pave-

158 1449 291 1486 scere,
336 1435 410 1476 alii
454 1449 618 1489 cupere.

692 1449 792 1489 pars
834 1435 971 1476 multo
1010 1434 1198 1475 maxima
1234 1434 1487 1476 inminentis
1525 1435 1722 1478 dominos

156 1493 287 1536 variis
329 1493 573 1535 rumoribus
618 1493 891 1535 differebant:
929 1495 1093 1535 trucem
1125 1492 1367 1548 Agrippam
1399 1496 1442 1535 et
1479 1493 1722 1549 ignominia

158 1566 383 1594 accensum
425 1567 513 1594 non
557 1554 699 1594 aetate
742 1566 880 1608 neque
924 1566 1068 1593 rerum
1113 1551 1377 1606 experientia
1425 1554 1575 1595 tantae
1615 1553 1722 1596 moli

98 1637 142 1669 10
158 1625 324 1666 parem,
362 1610 586 1653 Tiberium
617 1611 834 1653 Neronem
870 1613 1088 1652 maturum
1126 1611 1268 1665 annis,
1314 1613 1556 1666 spectatum
1592 1612 1721 1666 bello,

159 1670 231 1711 sed
263 1672 406 1712 vetere
444 1672 572 1724 atque
610 1670 745 1711 insita
776 1669 978 1712 Claudiae
1015 1669 1207 1711 familiae
1245 1670 1463 1725 superbia,
1500 1670 1720 1726 multaque

155 1728 315 1771 indicia
353 1729 576 1783 saevitiae,
615 1743 876 1784 quamquam
915 1730 1186 1783 premantur,
1225 1742 1458 1783 erumpere.

203 1871 260 1903 18.
297 1867 480 1903 Planasia
513 1866 575 1902 bei
610 1867 774 1910 Corsica3
819 1867 903 1903 dort

155 1913 238 1949 liess
262 1913 330 1948 ihn
355 1913 527 1949 Tiberius
554 1914 671 1949 sofort
694 1916 791 1950 nach
817 1914 902 1948 dem

154 1960 256 1997 Tode
300 1961 364 1996 des
398 1960 592 2006 Augustus
637 1961 752 1996 durch
795 1961 903 1996 einen

156 2007 331 2044 Centurio
376 2007 582 2043 ermorden.
621 2028 666 2033 —
695 2009 900 2052 proiecerit.

154 2046 255 2091 Uber
279 2055 352 2090 den
378 2055 479 2101 Conj.
505 2055 600 2090 Perf.
622 2067 648 2090 s.
669 2055 767 2090 Einl
794 2059 824 2098 ξ.
846 2058 900 2091 98.

202 2106 257 2137 20.
284 2103 412 2138 stolide
435 2105 598 2146 ferocem,
625 2102 695 2137 wie
721 2102 799 2138 Liv.
822 2107 854 2147 7,
881 2106 901 2138 5

153 2150 282 2185 stolide
305 2150 456 2192 ferocem
480 2150 621 2185 viribus
645 2150 733 2185 sais.
754 2170 799 2175 —-
819 2160 902 2185 con-

148 2200 277 2241 pertas
321 2206 350 2230 e.
389 2207 470 2240 gen.
511 2197 607 2231 auch
651 2200 691 2240 4,
737 2200 779 2231 11
825 2196 901 2231 und

155 2242 270 2278 sehon
307 2242 368 2278 bei
403 2242 544 2278 Livius.
589 2263 634 2268 —
679 2246 719 2278 at
760 2244 901 2279 hercule

153 2290 384 2335 „dagegen‘fl
442 2301 498 2335 cp.
528 2293 570 2324 17
597 2302 633 2325 u.
660 2290 766 2325 efter.
819 2290 897 2327 Liv.

200 2387 256 2419 23.
283 2374 384 2418 Uber
409 2383 482 2418 den
500 2383 632 2419 Modus
657 2384 753 2419 nach
774 2395 898 2429 quam-

151 2442 261 2476 quam
286 2442 313 2465 s.
341 2429 437 2466 Einl.
463 2434 493 2473 ξ.
523 2434 601 2466 106.
628 2451 672 2456 —-
698 2430 772 2466 Der
798 2430 898 2467 Sohn

152 2479 216 2514 des
247 2477 416 2513 Tiberius
452 2477 564 2513 heifst
593 2476 751 2522 Drusus,
783 2482 828 2514 23
861 2490 896 2515 n.

153 2525 236 2561 Chr.
262 2536 296 2561 v.
325 2524 438 2570 Sejan
460 2524 647 2570 vergiftet.

199 2576 254 2607 25.
283 2572 488 2614 abolendae,
516 2583 542 2607 s.
569 2571 665 2606 Einl.
691 2575 723 2614 ξ.
751 2575 830 2607 108.
852 2593 896 2598 —

150 2619 220 2654 Die
246 2619 370 2654 clades
395 2619 560 2654 Variana
583 2622 604 2654 9
630 2630 666 2655 11.
693 2619 776 2655 Chr.

199 2670 254 2701 30.
281 2676 337 2701 res
353 2666 453 2710 publ.
474 2665 555 2701 hier
578 2666 618 2701 in
638 2666 703 2701 der
728 2666 895 2702 seltenen

151 2713 372 2757 Bedeutung
398 2712 645 2758 ‚,Republik“
671 2712 723 2747 im
750 2713 894 2759 Gegen-

150 2761 226 2796 satz
251 2771 315 2794 zur
339 2759 567 2795 Monarchie.

197 2806 236 2842 4.
265 2810 295 2841 1.
327 2806 382 2841 Et
406 2806 457 2841 im
483 2805 686 2851 negativen
711 2806 836 2852 Satze,
863 2818 891 2842 s.

150 2853 245 2890 Einl.
273 2856 303 2895 ξ.
332 2856 387 2887 61.

1526 1729 1642 1771 hunc
1677 1731 1721 1771 et

1022 1871 1054 1902 3.
1080 1877 1183 1912 seque
1201 1870 1234 1902 et
1251 1868 1406 1911 domum,
1425 1867 1617 1912 poetische
1626 1867 1720 1904 Ver-

973 1913 1152 1959 bindung‚
1181 1913 1279 1949 Einl.
1306 1918 1336 1957 ἓ.
1364 1917 1420 1959 65,
1446 1915 1480 1949 b.

1022 1964 1053 1997 5.
1075 1965 1394 2007 aeyroetcorpore.
1431 1961 1480 1996 Et
1499 1978 1543 1992 =
1562 1962 1718 2006 „aueh‘,
1685 1963 1708 1982 ‘⁴

974 2006 1046 2042 wie
1067 2008 1144 2044 Liv.
1173 2011 1230 2053 25,
1257 2012 1313 2054 22,
1339 2012 1360 2043 8
1385 2012 1456 2044 tres
1475 2012 1507 2044 et
1530 2010 1718 2046 mercatus.

975 2054 1085 2100 Apul.
1116 2058 1205 2091 met.
1239 2060 1277 2100 6,
1312 2059 1354 2090 18
1385 2066 1450 2091 nee
1482 2055 1628 2092 Charon
1656 2056 1720 2093 ille

974 2102 1078 2137 Ditis
1111 2106 1144 2137 et
1174 2105 1293 2147 pater.
1355 2101 1423 2137 Die
1462 2102 1634 2149 Stellung
1666 2103 1719 2140 ist

974 2149 1080 2184 mehr
1105 2148 1343 2184 dichterisch.

1021 2200 1054 2231 6.
1079 2196 1251 2231 disserere
1283 2196 1353 2230 mit
1383 2195 1418 2232 d.
1451 2197 1582 2232 Aecus.
1615 2196 1717 2233 eines

976 2242 1224 2286 Substantivs‚
1255 2243 1350 2278 &fter
1375 2242 1439 2278 bei
1463 2242 1632 2288 Tacitus,
1658 2255 1717 2280 zu-

973 2291 1050 2325 erst
1073 2289 1135 2325 bei
1154 2270 1306 2334 Sallust,
1326 2290 1424 2325 dann
1449 2289 1500 2325 im
1526 2290 1714 2328 silbernen

971 2335 1113 2373 Latein.

1019 2388 1050 2419 8.
1077 2384 1224 2428 differre
1259 2383 1311 2418 im
1343 2383 1455 2419 Sinne
1485 2395 1560 2420 von
1595 2385 1714 2422 dival-

969 2441 1068 2475 9are,
1093 2431 1164 2465 wie
1183 2434 1216 2474 3,
1240 2434 1292 2465 12.
1313 2434 1348 2475 4,
1367 2434 1424 2475 25,
1445 2432 1542 2467 auch
1560 2431 1622 2468 bei
1641 2432 1714 2468 den

969 2476 1172 2513 Komikern
1196 2477 1272 2511 und
1297 2477 1433 2515 Livius.

1018 2529 1050 2560 9.
1076 2524 1300 2569 experientia
1319 2525 1412 2560 statt
1431 2535 1519 2561 usus
1542 2526 1619 2561 erst
1643 2525 1714 2562 seit

969 2572 1112 2607 Lukrez
1143 2571 1219 2605 und
1243 2570 1382 2617 Virgil,
1413 2571 1518 2607 nicht
1549 2571 1590 2607 in
1613 2572 1714 2609 klas-

969 2618 1108 2654 sischer
1133 2617 1258 2662 Prosa,
1285 2620 1375 2654 aber
1399 2619 1495 2655 noch
1521 2620 1610 2656 acht
1633 2619 1712 2655 Mal

967 2665 1029 2701 bei
1053 2664 1215 2700 Tacitus.

1015 2716 1069 2747 12.
1101 2712 1198 2747 hume
1228 2715 1270 2748 et.
1335 2711 1435 2748 Statt
1465 2724 1578 2759 neque
1611 2712 1711 2759 folgt

965 2759 1030 2794 des
1055 2754 1301 2795 Nachdrueks
1327 2770 1458 2805 wegen
1481 2770 1527 2795 ne
1550 2761 1708 2806 quidem,

964 2805 1034 2842 wie
1060 2806 1155 2841 auch
1179 2805 1219 2840 in
1238 2805 1304 2840 der
1323 2805 1523 2842 Germania
1540 2807 1616 2842 und
1636 2807 1709 2843 den

964 2853 1162 2889 Historien.
1213 2852 1247 2888 S.
1274 2851 1370 2888 Einl.
1398 2857 1429 2896 ἓ.
1458 2857 1513 2890 66.
