1812 3112
227 122 285 163 42
661 122 890 159 CORNELII
915 121 1078 158 TACITI
1102 121 1364 158 ANNALIUM

228 230 399 286 cingere
431 230 623 281 arduum,
655 233 704 272 ut
735 230 840 272 belli
871 230 1016 286 potius
1047 230 1137 272 iure
1168 230 1386 285 caderent3
1421 229 1651 285 datumque
1681 230 1793 272 mili-

177 301 202 332 5
227 289 356 344 tibus,
388 289 459 344 qui
494 289 619 331 scalis
652 291 890 340 evaserant,
923 289 1095 345 signum
1126 288 1279 332 caedis.
1337 287 1500 330 excidio
1530 287 1793 356 Uspensium

226 350 367 390 metus
406 348 557 390 ceteris
594 347 794 403 iniectus,
837 322 947 390 nihil
982 350 1125 391 tutum
1164 348 1290 403 ratis,
1334 361 1430 389 cum
1473 361 1610 402 arma,
1653 347 1793 390 muni-

224 408 389 462 menta,
426 406 621 462 impediti
657 407 727 449 vel
765 407 1000 450 eminentes
1037 407 1121 449 loci
1159 420 1388 461 amnesque
1427 407 1471 447 et
1507 406 1634 448 urbes
1672 406 1794 448 iuxta

225 468 612 522 perrumperentur.
679 466 813 521 igitur
850 464 1069 521 Zorsines,
1106 465 1178 507 diu
1214 465 1434 521 pensitato
1472 464 1792 507 Mithridatisne

224 525 352 567 rebus
398 524 598 567 extremis
643 539 700 566 an
742 524 884 579 patrio
927 537 1061 580 regno
1102 525 1362 579 consuleret,
1404 525 1633 578 postquam
1670 538 1793 579 prae

225 583 363 625 valuit
399 583 574 638 gentilis
611 583 795 637 utilitas,
834 582 944 623 datis
980 582 1202 625 obsidibus
1234 583 1347 638 apud
1378 582 1564 638 effigiem
1595 581 1791 625 Caesaris

225 641 471 696 procubuit,
507 654 668 696 magna
706 641 847 696 gloria
878 641 1087 684 exercitus
1118 641 1322 696 Romani,
1361 655 1488 695 quem
1519 641 1793 684 incruentum

226 702 269 742 et
299 700 504 742 victorem
535 699 666 741 tridui
696 699 851 741 itinere
878 700 1036 742 afuisse
1063 701 1116 743 ab
1143 715 1268 743 amne
1293 700 1430 742 Tanai
1455 700 1661 742 constitit.
1708 699 1792 743 sed

224 758 271 799 in
302 771 503 814 regressu
534 759 680 814 dispar
710 758 887 801 fortuna
917 758 1009 813 fuit,
1042 759 1143 814 quia
1172 759 1346 802 navium
1378 758 1584 814 quasdam
1613 756 1792 815 (quippe

225 818 335 859 mari
365 815 635 873 remeabant)
667 817 714 859 in
746 817 875 859 litora
900 816 1139 860 Taurorum
1172 817 1333 860 delatas
1360 818 1672 860 circumvenere
1698 818 1792 860 bar-

158 887 200 918 15
226 876 339 931 bari,
370 876 587 930 praefecto
620 876 810 918 cohortis
844 879 887 919 et
916 877 1132 932 plerisque
1165 876 1435 919 auxiliarium
1465 876 1716 918 interfectis.

159 936 212 978 18
346 934 520 978 Interea
561 934 835 977 Mithridates
878 935 998 978 nullo
1047 936 1094 977 in
1143 936 1275 977 armis
1326 934 1515 977 subsidio
1565 935 1793 990 consultat,

228 993 347 1035 cuius
380 993 718 1036 misericordiam
751 994 1023 1049 experiretur.
1084 994 1219 1036 frater
1251 992 1405 1048 Cotys,
1442 993 1639 1048 proditor
1676 993 1794 1050 olim,

225 1051 376 1094 deinde
411 1052 570 1108 hostis,
614 1053 901 1109 metuebatur3
943 1052 1238 1096 Romanorum
1277 1067 1404 1095 nemo
1441 1052 1486 1094 id
1523 1053 1791 1095 auctoritatis

224 1111 385 1167 aderat,
415 1114 464 1154 ut
494 1112 706 1166 promissa
732 1112 822 1154 eius
848 1112 998 1167 magni
1021 1112 1321 1167 penderentur.
1376 1110 1430 1153 ad
1453 1110 1669 1153 Eunonen
1694 1125 1791 1155 con-

177 1181 197 1212 5
223 1170 371 1225 vertit,
407 1171 595 1226 propriis
631 1170 740 1213 odiis
770 1184 854 1214 non
885 1171 1103 1214 infensum
1134 1173 1177 1213 et
1207 1185 1355 1213 recens
1387 1170 1616 1212 coniuncta
1645 1169 1792 1212 nobis-

224 1243 320 1270 cum
365 1230 556 1272 amicitia
599 1230 802 1272 validum.
869 1230 1003 1286 igitur
1043 1230 1161 1272 cultu
1200 1229 1404 1284 vultuque
1441 1243 1570 1284 quam
1606 1229 1791 1271 maxime

224 1286 278 1328 ad
308 1290 580 1342 praesentem
611 1289 830 1331 fortunam
862 1291 1109 1344 comparato
1135 1289 1302 1345 regiam
1326 1287 1566 1344 ingreditur
1591 1287 1791 1343 genibus-

223 1360 304 1400 que
349 1347 438 1389 eius
482 1348 734 1401 provolutus
772 1347 1079 1390 ‘Mithridates'
1122 1347 1262 1402 inquit
1306 1346 1434 1389 ‘terra
1475 1346 1668 1401 marique
1704 1345 1790 1389 Ro-

222 1405 361 1447 manis
393 1420 469 1460 per
499 1409 566 1449 tot
596 1421 732 1448 annos
766 1406 985 1461 quaesitus
1019 1409 1172 1461 sponte
1204 1406 1371 1448 adsum:
1409 1407 1546 1461 utere,
1582 1407 1631 1447 ut
1660 1405 1791 1460 voles,

155 1475 197 1506 ιο
221 1464 343 1517 prole
374 1465 523 1520 magni
553 1465 857 1520 Achaemenis,
896 1465 1008 1520 quod
1039 1465 1147 1531 mihi
1178 1465 1319 1508 solum
1349 1464 1497 1507 hostes
1527 1479 1616 1507 non
1646 1464 1790 1506 abstu-

221 1522 390 1564 lerunt?

342 1581 404 1623 At
439 1581 646 1624 Eunones
692 1581 948 1623 claritudine
985 1582 1084 1636 viri,
1126 1582 1364 1624 mutatione
1401 1595 1545 1623 rerum
1583 1583 1628 1622 et
1662 1594 1788 1635 prece

223 1638 338 1681 haud
383 1639 585 1695 degeneri
627 1643 866 1695 permotus,
911 1640 1082 1683 adlevat
1125 1640 1364 1694 supplicem
1406 1638 1636 1694 laudatque
1674 1639 1788 1694 quod

153 595 200 627 10

154 1581 208 1623 ‚19

268 1770 301 1801 4.
336 1769 378 1801 ut
409 1787 454 1792 —
488 1767 657 1803 caderent
687 1768 739 1803 ist
769 1767 967 1811 Finalsatz,

221 1823 295 1848 von
336 1813 514 1849 welchem
558 1814 624 1849 der
666 1814 968 1860 voraufgehende

218 1859 438 1895 Causalsatz
465 1861 579 1906 (quia)
605 1861 786 1906 abhangt.

269 1910 301 1943 5.
322 1908 470 1944 evadere
489 1909 583 1943 statt
601 1909 783 1944 escendere
800 1908 852 1944 ist
867 1908 970 1943 dich-

219 1954 376 1999 terisch,
411 1956 488 1990 erst
517 1955 588 1991 seit
614 1955 755 1991 Sallust
779 1967 814 1991 u.
841 1955 970 1990 Livius

218 2000 257 2035 in
296 2001 363 2036 der
392 2002 507 2037 Prosa
546 2002 830 2048 gebrauchlich,
867 2015 897 2039 z.
928 2002 968 2037 B.

219 2048 299 2083 Liv.
332 2052 371 2092 2,
407 2053 449 2084 17
487 2052 530 2084 ut
566 2050 608 2084 in
645 2060 766 2085 muros
803 2050 966 2086 evaderet

216 2095 330 2131 miles.
377 2099 439 2140 10,
468 2099 510 2132 17
536 2097 579 2131 in
602 2097 756 2132 moenia.

268 2145 300 2176 8.
328 2143 513 2186 pensitato
545 2143 601 2178 als
633 2143 822 2179 absoluter
851 2143 964 2178 Abla-

215 2187 276 2223 tiv
300 2188 417 2224 findet
442 2188 522 2224 sich
547 2202 617 2225 nur
642 2190 724 2225 hier
747 2190 823 2225 und
848 2194 881 2234 3,
908 2193 963 2225 52.

267 2239 322 2271 14.
342 2247 510 2279 remeare,
530 2237 706 2272 meistens
727 2236 965 2281 dichterisch,

214 2282 313 2317 auch
338 2286 371 2327 2,
398 2286 442 2318 69
462 2283 629 2329 Aeyypto
653 2294 825 2320 remeans.
867 2288 899 2327 3,
919 2265 965 2319 21’

217 2329 293 2364 und
326 2330 424 2365 &fter
446 2329 486 2365 in
511 2331 583 2366 den
608 2330 794 2373 Annalem
827 2330 965 2366 ausser-

215 2375 302 2411 dem
332 2376 393 2412 bei
426 2376 512 2413 Tac.
544 2389 615 2412 nur
644 2377 732 2414 hist.
765 2382 803 2422 3,
837 2381 891 2412 54.
919 2398 964 2404 —

220 2423 441 2468 Tawrorum,
468 2424 503 2461 d.
529 2424 564 2459 h.
593 2424 658 2460 der
676 2425 880 2460 Bewohner
899 2425 966 2460 der

218 2469 325 2505 Krim
349 2470 613 2517 (Chersonesus
639 2471 823 2517 Taurica).

270 2520 325 2552 15.
375 2518 574 2561 interfectis
626 2518 771 2563 „wobei
820 2519 967 2564 getotet

217 2564 405 2610 wurden“,
434 2565 670 2601 aoristisches
690 2565 868 2611 Particip,
894 2565 964 2600 wie

217 2611 293 2647 Liv.
321 2615 383 2655 22,
410 2615 454 2647 41
489 2613 539 2648 ad
569 2613 667 2648 mille
691 2615 723 2648 et
747 2613 966 2658 septinqenti

218 2659 323 2702 caesi,
347 2669 423 2694 non
444 2660 533 2704 plus·
555 2662 695 2695 centum
714 2659 965 2695 Romanorum

215 2706 463 2751 sociorumque
481 2706 618 2742 occisis.
660 2705 696 2741 S.
716 2705 811 2742 Einl.
832 2709 862 2749 ἓ.
885 2710 962 2742 110.

266 2786 328 2823 18.
361 2792 394 2822 3.
425 2788 466 2823 id
491 2788 721 2824 auctoritatis
740 2787 791 2823 ist
809 2784 874 2823 ἅπ.
894 2787 961 2832 sto.

216 2832 313 2867 nach
346 2834 528 2879 Analogia
560 2845 633 2870 von
664 2835 705 2871 id
738 2835 885 2879 aetatis,
923 2835 964 2871 id

200 2883 203 2886 ’
214 2880 395 2925 temporis.

1089 1772 1122 1805 4.
1162 1770 1362 1803 convertere
1399 1766 1454 1802 als
1485 1765 1700 1802 Intransitiv
1736 1766 1788 1802 ist

1042 1815 1178 1858 selten,
1207 1813 1277 1848 wie
1303 1818 1343 1858 3,
1369 1817 1413 1849 55
1440 1813 1546 1849 ceteri
1570 1813 1620 1849 ad
1642 1813 1787 1858 sapien-

1041 1862 1139 1897 tiora
1163 1863 1384 1904 convertere;
1413 1860 1498 1896 sehr
1522 1859 1702 1896 zerstreut
1725 1859 1788 1896 bei

1041 1907 1269 1944 Klassikern.

1090 1958 1122 1990 5.
1154 1965 1275 1990 recens
1305 1955 1361 1990 als
1386 1954 1536 1990 Adverb
1566 1953 1683 1989 findet
1706 1953 1787 1989 sich

1041 2014 1112 2038 nur
1135 2002 1175 2037 in
1200 2002 1273 2038 den
1290 2000 1481 2037 Historien
1498 2000 1575 2035 und
1593 2000 1782 2044 Annalem

1037 2049 1247 2085 ausserdem
1285 2049 1385 2084 steht
1421 2059 1461 2084 es
1499 2047 1561 2083 bei
1592 2046 1782 2093 Dichtern,

1038 2096 1199 2140 Sallust,
1225 2095 1351 2132 Livius
1376 2107 1411 2131 u.
1440 2095 1516 2141 Spp

1087 2148 1119 2179 6.
1160 2143 1261 2178 cultu
1296 2107 1490 2188 vultuquep
1491 2106 1629 2177 I’Sehr
1666 2141 1785 2178 selten

1037 2190 1158 2226 bildet
1195 2190 1348 2225 Tacitus
1390 2189 1473 2224 eine
1510 2188 1784 2233 Paronomasie‚

1038 2238 1128 2273 eher
1158 2237 1255 2272 noch
1282 2236 1364 2272 eine
1389 2235 1662 2271 Allitteration·
1695 2237 1783 2281 Agr.

1039 2288 1084 2320 42
1133 2285 1272 2329 famam
1319 2284 1507 2328 fatumque
1548 2282 1783 2328 provocabat.

1037 2332 1125 2367 hist.
1155 2334 1188 2374 1,
1207 2334 1254 2366 84
1271 2331 1370 2367 vobis
1390 2341 1495 2366 arma
1510 2332 1544 2365 et
1561 2329 1707 2365 animus
1723 2329 1787 2372 sit,

1085 2382 1117 2414 7.
1148 2358 1248 2413 Uber
1275 2378 1426 2424 yenibus
1446 2377 1660 2423 provolutus
1685 2387 1712 2410 s.
1738 2388 1800 2411 zu-

1088 2476 1142 2507 10.
1168 2454 1423 2507 Achaemenes
1447 2481 1525 2506 war
1548 2469 1645 2505 nach
1666 2468 1782 2506 Hero-

1037 2519 1103 2554 dot
1129 2523 1161 2563 7,
1191 2522 1233 2553 11
1260 2518 1326 2554 der
1344 2518 1422 2563 Urg
1423 2516 1603 2554 rossvater
1626 2515 1692 2552 des
1712 2515 1781 2562 Cy-

1037 2578 1111 2609 rus,
1130 2565 1208 2601 und
1225 2565 1323 2601 nach
1341 2564 1365 2599 J
1367 2564 1467 2600 ustin
1485 2566 1542 2607 38,
1563 2566 1583 2598 7
1603 2563 1780 2599 stammte

1037 2613 1274 2648 Mithridates
1306 2611 1492 2656 Eupator,
1528 2610 1594 2645 der
1628 2609 1782 2646 Romet-

1035 2659 1155 2704 feind,
1199 2669 1272 2695 von
1311 2656 1535 2694 vaterlicher
1571 2656 1672 2693 Seite
1714 2667 1782 2693 aus

1037 2706 1251 2743 demselben
1275 2705 1409 2741 Hause.

1085 2789 1147 2824 19.
1187 2792 1220 2825 2.
1252 2786 1426 2834 deyeneri.
1466 2784 1551 2832 Vgl.
1571 2786 1641 2831 ΚΡ.
1661 2789 1780 2822 3600·

1035 2838 1194 2918 {gregum
1219 2844 1342 2880 preces
1377 2833 1583 2881 degeneres
1596 2833 1698 2877 fuere
1733 2842 1780 2869 ex
