1760 3120
182 114 240 156 50

607 115 835 152 CORNELII
860 114 1025 152 TACITI
1049 115 1310 152 ANNALIUM

134 235 156 267 5
182 223 376 278 publicae
401 223 595 266 mandari
619 224 699 266 tibi
726 223 860 267 velis'.
902 223 1160 279 perculsus
1148 224 1370 279 inprovisa
1394 208 1736 281 interrogatione

110 992 165 1034 13

106 1534 152 1566 10

179 283 356 338 paulum
398 282 588 338 reticuit,
637 282 735 325 dein
784 283 960 326 collecto
1010 284 1152 326 animo
1201 283 1423 339 respondit
1463 297 1734 350 nequaquam

181 341 382 384 decorum
419 341 572 397 pudori
610 356 687 384 suo
718 343 861 397 legere
893 342 1052 398 aliquid
1085 344 1159 384 aut
1190 342 1350 385 evitare
1388 357 1439 385 ex
1476 357 1547 396 eo,
1582 341 1652 385 cui
1687 343 1737 385 in

180 401 428 443 universum
453 400 646 443 excusari
670 401 830 444 mallet.
878 416 1048 443 rursum
1074 400 1222 443 Gallus
1248 399 1429 459 (etenim
1453 401 1577 444 vultu
1603 400 1734 444 offen-

182 460 344 502 sionem
363 458 695 517 coniectaverat)
720 474 807 502 non
831 459 989 502 idcirco
1015 460 1329 516 interrogatum
1355 461 1429 515 ait,
1453 464 1502 502 ut
1526 459 1737 503 divideret

110 530 155 562 10
182 533 290 574 quae
330 518 519 574 separari
557 519 802 575 nequirent,
844 518 917 560 sed
956 520 1005 561 ut
1045 533 1123 561 sua
1164 519 1432 562 confessione
1472 520 1739 575 argueretur,

181 592 312 620 unum
350 592 442 620 esse
480 578 543 620 rei
578 578 776 634 publicae
809 592 962 633 corpus
995 579 1123 633 atque
1153 578 1280 620 unius
1312 578 1454 620 animo
1485 577 1736 634 regendum.

181 637 344 679 addidit
386 636 554 679 laudem
597 636 648 679 de
691 636 892 693 Augusto
930 636 1231 692 Tiberiumque
1275 637 1417 692 ipsum
1459 636 1736 679 victoriarum

181 710 354 738 suarum
390 710 579 751 quaeque
615 696 660 738 in
697 698 802 752 toga
839 710 916 751 per
951 698 1019 738 tot
1061 710 1194 738 annos
1240 696 1410 752 egregie
1453 695 1628 738 fecisset
1663 695 1735 738 ad-

179 755 359 798 monuit.
418 769 497 797 nec
527 754 622 797 ideo
653 755 763 797 iram
795 755 885 796 eius
916 754 1085 811 lenivit,
1116 755 1283 810 pridem
1313 755 1497 810 invisus,
1527 757 1737 810 tanquam

109 826 152 858 15
180 814 307 856 ducta
337 813 382 855 in
412 813 736 856 matrimonium
762 813 973 869 Vipsania
995 813 1052 856 M.
1078 813 1301 869 Agrippae
1332 814 1431 866 filia,
1463 828 1571 869 quae
1602 827 1734 869 quon-

180 872 278 914 dam
309 872 473 914 Tiberii
503 886 610 914 uxor
640 872 798 928 fuerat,
828 873 925 927 plus
958 887 1085 928 quam
1116 873 1259 916 civilia
1290 873 1477 929 agitaret
1506 871 1735 915 Pollionis-

180 945 261 987 que
292 930 435 973 Asinii
466 931 601 986 patris
634 931 837 973 ferociam
867 931 1082 974 retineret.

297 990 403 1032 Post
434 1004 541 1045 quae
574 989 621 1031 L.
653 989 884 1032 Arruntius
915 990 1029 1032 haud
1060 991 1245 1033 multum
1283 990 1529 1046 discrepans
1567 1005 1592 1032 a
1622 988 1737 1032 Galli

180 1050 374 1092 oratione
411 1048 588 1105 perinde
626 1049 822 1104 offendit,
866 1063 1125 1105 quamquam
1162 1049 1334 1092 Tiberio
1372 1049 1494 1092 nulla
1529 1051 1652 1092 vetus
1690 1049 1736 1091 in

178 1107 432 1150 Arruntium
457 1108 534 1164 ira,
567 1107 641 1150 sed
667 1107 856 1163 divitem,
886 1111 1145 1164 promptum,
1170 1109 1334 1151 artibus
1361 1108 1545 1164 egregiis
1571 1110 1615 1150 et
1639 1108 1736 1163 pari

178 1167 296 1210 fama
321 1167 500 1222 publice,
527 1167 813 1222 suspectabat.
857 1167 1014 1223 quippe
1038 1166 1263 1224 Augustus
1290 1168 1500 1222 supremis
1527 1166 1736 1209 sermoni-

131 1238 152 1270 5
179 1226 259 1269 bus
291 1240 388 1268 cum
418 1228 642 1282 tractaret,
672 1226 845 1281 quinam
878 1226 1056 1282 adipisci
1081 1227 1316 1282 principem
1347 1227 1492 1269 locum
1516 1225 1737 1269 suffecturi

180 1286 417 1328 abnuerent
453 1287 528 1327 aut
564 1286 734 1340 inpares
773 1285 933 1327 vellent
968 1286 1036 1328 vel
1072 1285 1185 1328 idem
1223 1287 1403 1341 possent
1434 1287 1738 1341 cuperentque,

176 1343 245 1386 Μ’.
276 1343 486 1399 Lepidum
523 1344 687 1386 dixerat
723 1358 924 1399 capacem
962 1344 1034 1387 sed
1074 1347 1389 1400 aspernantem,
1427 1343 1600 1387 Gallum
1636 1342 1734 1386 Asi-

176 1403 296 1445 nium
328 1403 499 1446 avidum
531 1406 574 1445 et
597 1403 831 1458 minorem,
862 1403 909 1446 L.
941 1403 1197 1446 Arruntium
1228 1418 1317 1446 non
1347 1403 1572 1459 indignum
1604 1404 1664 1458 et,
1696 1403 1735 1445 si

178 1477 300 1505 casus
327 1462 510 1518 daretur,
535 1477 748 1505 ausurum.
799 1462 849 1504 de
874 1462 1089 1517 prioribus
1115 1463 1392 1517 consentitur,
1417 1477 1495 1517 pro
1521 1461 1731 1505 Arruntio

179 1521 350 1578 quidam
394 1520 472 1565 Cn.
514 1520 715 1564 Pisonem
756 1521 989 1577 tradidere;
1040 1536 1271 1578 omnesque
1313 1524 1484 1577 praeter
1525 1520 1734 1576 Lepidum

177 1580 309 1623 variis
335 1595 435 1623 mox
460 1580 711 1623 criminibus
738 1582 928 1623 struente
947 1580 1118 1623 Tiberio
1144 1580 1422 1623 circumventi
1448 1582 1559 1623 sunt.
1602 1579 1733 1622 etiam

177 1638 224 1690 Q.
255 1638 457 1682 Haterius
501 1642 543 1682 et
585 1639 825 1682 Mamercus
869 1638 1051 1682 Scaurus
1095 1640 1359 1695 suspicacem
1405 1639 1596 1681 animum
1638 1653 1733 1695 per-

224 1760 255 1792 8.
287 1756 457 1792 excusari
486 1754 557 1791 mit
588 1755 673 1791 dem
704 1755 816 1791 Dativ
854 1754 920 1791 der

176 1802 293 1839 Sache
323 1802 374 1838 ist
403 1813 491 1847 neu,
527 1803 597 1838 wie
628 1802 723 1838 Plin.
750 1814 835 1848 pan.
861 1806 917 1838 57.

175 1849 316 1886 Frfiher
359 1862 428 1885 nur
470 1850 540 1885 mit
584 1849 668 1885 dem
705 1850 817 1885 Dativ
855 1850 919 1885 der

176 1897 327 1935 Person.

226 1949 258 1981 9.
287 1955 362 1980 non
389 1945 528 1981 idcirco
552 1948 610 1980 επ.
660 1943 749 1980 Dio:
775 1940 892 2003 ⁰²³²}
870 1941 919 1984 ὡς

175 1993 240 2028 καὶ.
265 1989 306 2027 τὸ
332 1992 460 2049 τρίτον
489 1989 638 2035 ε’ξοντός
663 2004 741 2036 σου,
766 1987 833 2026 ἄλλ
870 1989 919 2031 ὡς

176 2036 368 2076 ἀδύνατον
413 2035 457 2074 ὂν
499 2037 567 2084 τὴν
610 2036 729 2084 ἀρχὴν
777 2039 916 2083 διαιρε-

174 2088 299 2132 θῆναι
323 2085 433 2122 τοῦτό
460 2098 519 2121 σοι
542 2085 751 2131 προέτεινα.

206 2101 282 2171 η12.
310 2135 453 2170 laudem
470 2134 514 2169 de
533 2135 626 2169 stat-t
644 2133 707 2169 des
729 2132 916 2178 Genetivs,

174 2181 270 2217 nach
295 2181 475 2225 Analogie
500 2190 574 2216 von
599 2182 727 2217 oratio.

223 2231 278 2264 14.
304 2239 369 2263 nec
391 2228 472 2263 ideo
498 2249 541 2253 —-
566 2228 702 2264 lenivit.
739 2226 793 2262 Im
817 2227 850 2262 J.
870 2231 915 2263 30

174 2274 258 2311 liess
276 2275 342 2310 ihn
354 2274 521 2310 Tiberius
541 2274 751 2318 verhaften3
771 2278 815 2310 33
835 2285 915 2310 ver-

174 2323 356 2368 hungerte
382 2332 422 2357 er
445 2322 497 2356 im
516 2321 728 2367 Gefangnis.
756 2342 800 2347 —-
824 2325 916 2357 tam-

174 2381 284 2415 quam
307 2368 452 2413 kausal,
479 2380 505 2403 s.
526 2368 622 2404 Einl.
643 2373 673 2412 §-
693 2372 750 2404 95.

224 2420 278 2452 15.
303 2416 470 2452 Tiberius
495 2415 630 2452 musste
655 2415 714 2451 die
739 2427 813 2452 von
836 2415 934 2459 ihm,

174 2463 337 2510 geliebte
362 2462 542 2508 Vipsania
572 2462 780 2509 Agrippina
812 2466 854 2497 11
880 2474 913 2498 v.

175 2510 258 2547 Chr.
285 2510 472 2547 entlassen
495 2510 571 2545 und
588 2509 655 2546 die
679 2510 915 2556 bertichtigte

173 2558 275 2593 Julia
298 2557 478 2595 heiraten.

224 2610 278 2641 16.
292 2605 412 2641 Pollio
425 2605 475 2640 ist
490 2604 555 2640 der
565 2604 752 2640 bekannte
759 2604 914 2640 Redner.

221 2652 590 2698 13.1.postquae
620 2652 715 2687 auch
741 2655 773 2696 2,
800 2654 856 2686 86.
883 2655 915 2695 3,

176 2703 308 2735 11.17
333 2700 409 2734 und
435 2699 540 2735 &ften
590 2699 788 2734 Arruntius
813 2698 916 2734 ward

175 2750 219 2781 37
245 2759 282 2781 11.
303 2746 385 2782 Chr.
406 2745 612 2790 verurteilt,
638 2758 665 2781 s.
687 2750 720 2789 6,
739 2749 796 2781 4⁷.

222 2784 382 2828 4l'J.ber
405 2794 634 2838 suspectabat
659 2804 686 2827 s.
707 2805 750 2828 zu
770 2803 825 2838 cp.
846 2795 877 2827 5.

222 2844 254 2875 6.
289 2841 383 2875 idem
412 2840 463 2875 ist
494 2839 630 2875 Plural.
663 2861 707 2866 —
738 2841 792 2875 vel
824 2839 916 2875 statt

172 2890 248 2923 aut.
299 2887 373 2922 Das
408 2886 485 2923 Lob
521 2887 583 2923 des
623 2885 915 2923 einfiussreichen

991 1754 1137 1791 Manius
1161 1755 1323 1800 Lepidus
1349 1766 1377 1791 s.
1403 1758 1443 1799 4,
1470 1758 1515 1790 20
1545 1755 1642 1790 hanc
1670 1764 1735 1800 090

990 1802 1171 1848 Lepidwm
1213 1803 1430 1848 temporibus
1471 1802 1548 1838 illis
1588 1812 1734 1847 yravem

990 1854 1024 1885 et
1046 1851 1243 1895 sapientem
1265 1851 1386 1886 virum
1403 1850 1517 1894 faisse
1535 1849 1734 1894 comperior

990 1900 1049 1933 οη.
1088 1917 1132 1922 —-
1169 1907 1288 1942 capam
1325 1896 1475 1941 „fabig‘
1479 1899 1500 1940 ι,
1535 1896 1575 1931 111
1611 1895 1734 1932 dieser

990 1944 1209 1990 Bedeutung
1244 1943 1357 1979 meist
1392 1942 1616 1979 dichterisch
1656 1943 1732 1979 und

989 1991 1277 2027 nachklassisch.

1040 2043 1072 2074 8.
1097 2042 1131 2074 et
1155 2049 1220 2074 vor
1243 2039 1416 2074 minorem
1441 2038 1535 2073 statt
1557 2038 1634 2082 sed,
1660 2036 1733 2073 wie

992 2089 1023 2129 1,
1044 2088 1089 2121 38
1109 2086 1273 2121 turbidos
1294 2088 1326 2121 et
1345 2085 1440 2121 nihil
1458 2095 1575 2121 ausos.
1609 2089 1666 2128 12,
1683 2087 1732 2120 52

988 2136 1134 2168 senatus
1156 2133 1358 2168 consultam
1383 2135 1491 2168 atrox
1514 2135 1548 2168 et
1570 2132 1730 2168 im'tum.

991 2183 1051 2224 14,
1078 2183 1122 2216 65
1148 2180 1224 2215 und
1250 2179 1356 2216 efter.
1407 2178 1454 2215 So
1480 2179 1576 2215 auch
1598 2190 1732 2225 neque,-

986 2226 1114 2269 beides
1139 2226 1253 2262 sehon
1278 2226 1339 2262 bei
1363 2225 1501 2263 Livius.

1034 2278 1067 2309 9.
1093 2284 1198 2309 casas
1223 2274 1318 2309 statt
1341 2274 1492 2317 occasio,
1516 2272 1588 2308 wie
1609 2277 1664 2319 12,
1683 2275 1730 2308 28

987 2322 1021 2357 si
1053 2332 1176 2357 casum
1203 2331 1353 2366 pugnae
1384 2321 1615 2365 praeberent,
1653 2320 1730 2356 und

988 2367 1094 2404 efter.
1135 2368 1264 2403 Zuerst
1286 2367 1349 2403 bei
1375 2367 1448 2403 Cic.
1474 2369 1551 2404 Att.
1577 2372 1610 2411 6,
1637 2371 1668 2412 1,
1695 2371 1729 2404 9.

1036 2419 1090 2451 10.
1122 2414 1185 2450 Cn.
1212 2414 1432 2467 Calpurnius
1457 2415 1542 2451 Piso
1566 2414 1617 2451 ist
1647 2396 1728 2451 der-

987 2462 1101 2506 selbe,
1125 2462 1190 2497 der
1213 2460 1264 2496 im
1284 2461 1316 2496 J.
1338 2465 1394 2506 19,
1420 2461 1486 2497 der
1505 2462 1578 2497 Ver
1579 2460 1732 2508 giftung

987 2509 1050 2544 des
1094 2508 1333 2545 Germanicus
1376 2509 1598 2591 angekleffit,
1647 2473 1732 2544 sich

985 2556 1179 2592 11518118.-
1200 2566 1385 2601 omnesque
1433 2555 1507 2592 Der
1565 2555 1727 2591 usdruck

987 2603 1038 2638 ist
1073 2613 1262 2648 ungenau,
1307 2603 1356 2638 da
1390 2602 1450 2638 die
1488 2603 1626 2639 Schuld
1661 2603 1726 2638 des

987 2649 1155 2686 Tiberius
1192 2649 1231 2685 in
1267 2650 1393 2695 Bezug
1429 2649 1495 2686 auf
1528 2649 1727 2685 Arruntius

986 2697 1062 2732 und
1092 2696 1178 2732 Piso
1209 2696 1314 2732 nicht
1344 2697 1536 2742 erwiesen,
1568 2696 1728 2733 sondern

985 2755 1055 2779 nur
1078 2745 1263 2798 vermutet
1286 2742 1346 2779 ist.
1416 2790 1423 2797 ·

986 2791 1393 2891 ...ἓέῗέἦέἳὲἓᾈὲἓὲ
1412 2789 1726 2891 1ῗ.ἶ·οἰῖ.1ῗὲξι

985 2886 1102 2922 1181181·
1120 2885 1275 2921 Redner.
1312 2885 1480 2931 Scaurus,
1499 2884 1725 2931 Tragfidien-
