<?xml version="1.0" encoding="UTF-8"?>
<!DOCTYPE html PUBLIC "-//W3C//DTD XHTML 1.0 Transitional//EN"
    "http://www.w3.org/TR/xhtml1/DTD/xhtml1-transitional.dtd">
<html xmlns="http://www.w3.org/1999/xhtml" xml:lang="en" lang="en">
 <head>
  <title>
</title>
<meta http-equiv="Content-Type" content="text/html;charset=utf-8" />
  <meta name='ocr-system' content='tesseract 3.04.00' />
  <meta name='ocr-capabilities' content='ocr_page ocr_carea ocr_par ocr_line ocrx_word'/>
</head>
<body>
  <div class='ocr_page' id='page_1' title='image "./dieannalen01taciuoft_0317.png"; bbox 0 0 1820 3100; ppageno 0'>
   <div class='ocr_carea' id='block_1_1' title="bbox 627 79 1658 122">
    <p class='ocr_par' dir='ltr' id='par_1_1' title="bbox 627 79 1658 122">
     <span class='ocr_line' id='line_1_1' title="bbox 627 79 1658 122; baseline -0.004 -2"><span class='ocrx_word' id='word_1_1' title='bbox 627 82 772 120; x_wconf 83' lang='lat' dir='ltr'>LIBER</span> <span class='ocrx_word' id='word_1_2' title='bbox 796 82 857 119; x_wconf 88' lang='lat' dir='ltr'>XI.</span> <span class='ocrx_word' id='word_1_3' title='bbox 897 82 999 120; x_wconf 87' lang='lat' dir='ltr'>CAP.</span> <span class='ocrx_word' id='word_1_4' title='bbox 1026 86 1129 118; x_wconf 81' lang='grc'><strong>3-7.</strong></span> <span class='ocrx_word' id='word_1_5' title='bbox 1194 111 1200 118; x_wconf 94' lang='grc'>.</span> <span class='ocrx_word' id='word_1_6' title='bbox 1631 79 1658 122; x_wconf 80' lang='grc'><strong>7</strong></span> 
     </span>
    </p>
   </div>
   <div class='ocr_carea' id='block_1_2' title="bbox 39 188 1703 488">
    <p class='ocr_par' dir='ltr' id='par_1_2' title="bbox 39 188 1703 488">
     <span class='ocr_line' id='line_1_2' title="bbox 88 188 1703 251; baseline -0.004 -11"><span class='ocrx_word' id='word_1_7' title='bbox 88 199 233 240; x_wconf 90' lang='lat' dir='ltr'>torum</span> <span class='ocrx_word' id='word_1_8' title='bbox 263 193 455 251; x_wconf 86' lang='lat' dir='ltr'>perfidia,</span> <span class='ocrx_word' id='word_1_9' title='bbox 486 193 591 236; x_wconf 87' lang='lat' dir='ltr'>adeo</span> <span class='ocrx_word' id='word_1_10' title='bbox 622 195 672 235; x_wconf 88' lang='lat' dir='ltr'>ut</span> <span class='ocrx_word' id='word_1_11' title='bbox 703 190 886 247; x_wconf 70' lang='lat' dir='ltr'>Samius,</span> <span class='ocrx_word' id='word_1_12' title='bbox 914 190 1097 247; x_wconf 85' lang='lat' dir='ltr'>insignis</span> <span class='ocrx_word' id='word_1_13' title='bbox 1129 203 1257 245; x_wconf 82' lang='lat' dir='ltr'>eques</span> <span class='ocrx_word' id='word_1_14' title='bbox 1283 188 1518 244; x_wconf 88' lang='lat' dir='ltr'>Romanus,</span> <span class='ocrx_word' id='word_1_15' title='bbox 1550 204 1654 245; x_wconf 88' lang='lat' dir='ltr'>qua·</span> <span class='ocrx_word' id='word_1_16' title='bbox 1681 201 1703 233; x_wconf 77' lang='lat'><strong>6</strong></span> 
     </span>
     <span class='ocr_line' id='line_1_3' title="bbox 90 248 1655 312; baseline -0.006 -13"><span class='ocrx_word' id='word_1_17' title='bbox 90 254 329 312; x_wconf 86' lang='lat' dir='ltr'>dringentis</span> <span class='ocrx_word' id='word_1_18' title='bbox 359 266 635 296; x_wconf 88' lang='lat' dir='ltr'>nummorum</span> <span class='ocrx_word' id='word_1_19' title='bbox 664 251 837 294; x_wconf 89' lang='lat' dir='ltr'>milibus</span> <span class='ocrx_word' id='word_1_20' title='bbox 863 248 1017 293; x_wconf 87' lang='lat' dir='ltr'>Suillio</span> <span class='ocrx_word' id='word_1_21' title='bbox 1050 249 1163 291; x_wconf 89' lang='lat' dir='ltr'>datis</span> <span class='ocrx_word' id='word_1_22' title='bbox 1196 250 1240 291; x_wconf 89' lang='lat' dir='ltr'>et</span> <span class='ocrx_word' id='word_1_23' title='bbox 1269 248 1446 305; x_wconf 82' lang='lat' dir='ltr'>cognita</span> <span class='ocrx_word' id='word_1_24' title='bbox 1475 262 1655 304; x_wconf 78' lang='lat' dir='ltr'>praeva-</span> 
     </span>
     <span class='ocr_line' id='line_1_4' title="bbox 87 305 1656 364; baseline -0.006 -5"><span class='ocrx_word' id='word_1_25' title='bbox 87 315 294 359; x_wconf 86' lang='lat' dir='ltr'>ricatione</span> <span class='ocrx_word' id='word_1_26' title='bbox 330 312 444 356; x_wconf 86' lang='lat' dir='ltr'>ferro</span> <span class='ocrx_word' id='word_1_27' title='bbox 482 312 529 354; x_wconf 90' lang='lat' dir='ltr'>in</span> <span class='ocrx_word' id='word_1_28' title='bbox 567 311 693 354; x_wconf 91' lang='lat' dir='ltr'>domo</span> <span class='ocrx_word' id='word_1_29' title='bbox 731 310 821 352; x_wconf 88' lang='lat' dir='ltr'>eius</span> <span class='ocrx_word' id='word_1_30' title='bbox 858 308 1110 352; x_wconf 74' lang='lat' dir='ltr'>incubuerit.</span> <span class='ocrx_word' id='word_1_31' title='bbox 1171 307 1306 364; x_wconf 85' lang='lat' dir='ltr'>igitur</span> <span class='ocrx_word' id='word_1_32' title='bbox 1341 307 1575 363; x_wconf 75' lang='lat' dir='ltr'>incipiente</span> <span class='ocrx_word' id='word_1_33' title='bbox 1608 305 1656 351; x_wconf 91' lang='lat' dir='ltr'>C.</span> 
     </span>
     <span class='ocr_line' id='line_1_5' title="bbox 89 367 1655 427; baseline -0.005 -10"><span class='ocrx_word' id='word_1_34' title='bbox 89 373 197 417; x_wconf 90' lang='lat' dir='ltr'>Silio</span> <span class='ocrx_word' id='word_1_35' title='bbox 229 373 402 416; x_wconf 91' lang='lat' dir='ltr'>consule</span> <span class='ocrx_word' id='word_1_36' title='bbox 433 371 672 427; x_wconf 83' lang='lat' dir='ltr'>designato,</span> <span class='ocrx_word' id='word_1_37' title='bbox 702 369 822 412; x_wconf 90' lang='lat' dir='ltr'>cuius</span> <span class='ocrx_word' id='word_1_38' title='bbox 853 368 905 411; x_wconf 89' lang='lat' dir='ltr'>de</span> <span class='ocrx_word' id='word_1_39' title='bbox 936 368 1134 424; x_wconf 87' lang='lat' dir='ltr'>potentia</span> <span class='ocrx_word' id='word_1_40' title='bbox 1163 370 1202 411; x_wconf 75' lang='lat' dir='ltr'>et</span> <span class='ocrx_word' id='word_1_41' title='bbox 1231 367 1361 410; x_wconf 83' lang='lat' dir='ltr'>exitio</span> <span class='ocrx_word' id='word_1_42' title='bbox 1387 367 1434 410; x_wconf 90' lang='lat' dir='ltr'>in</span> <span class='ocrx_word' id='word_1_43' title='bbox 1457 370 1655 422; x_wconf 89' lang='lat' dir='ltr'>tempore</span> 
     </span>
     <span class='ocr_line' id='line_1_6' title="bbox 39 425 1658 488; baseline -0.006 -11"><span class='ocrx_word' id='word_1_44' title='bbox 39 470 42 472; x_wconf 57' lang='grc'>,</span> <span class='ocrx_word' id='word_1_45' title='bbox 89 433 352 488; x_wconf 86' lang='lat' dir='ltr'>memorabo,</span> <span class='ocrx_word' id='word_1_46' title='bbox 383 431 647 486; x_wconf 87' lang='lat' dir='ltr'>consurgunt</span> <span class='ocrx_word' id='word_1_47' title='bbox 676 430 823 484; x_wconf 90' lang='lat' dir='ltr'>patres</span> <span class='ocrx_word' id='word_1_48' title='bbox 851 428 1077 484; x_wconf 85' lang='lat' dir='ltr'>legemque</span> <span class='ocrx_word' id='word_1_49' title='bbox 1103 425 1297 470; x_wconf 84' lang='lat' dir='ltr'>Cinciam</span> <span class='ocrx_word' id='word_1_50' title='bbox 1322 426 1538 483; x_wconf 86' lang='lat' dir='ltr'>flagitant,</span> <span class='ocrx_word' id='word_1_51' title='bbox 1570 440 1658 482; x_wconf 91' lang='lat' dir='ltr'>qua</span> 
     </span>
    </p>
   </div>
   <div class='ocr_carea' id='block_1_3' title="bbox 88 484 1729 546">
    <p class='ocr_par' dir='ltr' id='par_1_3' title="bbox 88 484 1729 546">
     <span class='ocr_line' id='line_1_7' title="bbox 88 484 1729 546; baseline -0.005 -10"><span class='ocrx_word' id='word_1_52' title='bbox 88 495 264 536; x_wconf 85' lang='lat' dir='ltr'>cavetur</span> <span class='ocrx_word' id='word_1_53' title='bbox 294 490 543 546; x_wconf 89' lang='lat' dir='ltr'>antiquitus,</span> <span class='ocrx_word' id='word_1_54' title='bbox 576 503 630 531; x_wconf 90' lang='lat' dir='ltr'>ne</span> <span class='ocrx_word' id='word_1_55' title='bbox 662 488 757 543; x_wconf 90' lang='lat' dir='ltr'>quis</span> <span class='ocrx_word' id='word_1_56' title='bbox 790 487 844 530; x_wconf 91' lang='lat' dir='ltr'>ob</span> <span class='ocrx_word' id='word_1_57' title='bbox 877 501 1051 530; x_wconf 90' lang='lat' dir='ltr'>causam</span> <span class='ocrx_word' id='word_1_58' title='bbox 1082 485 1290 531; x_wconf 88' lang='lat' dir='ltr'>orandam</span> <span class='ocrx_word' id='word_1_59' title='bbox 1321 485 1550 542; x_wconf 88' lang='lat' dir='ltr'>pecuniam</span> <span class='ocrx_word' id='word_1_60' title='bbox 1583 484 1655 528; x_wconf 90' lang='lat' dir='ltr'>do·</span> <span class='ocrx_word' id='word_1_61' title='bbox 1683 496 1729 528; x_wconf 86' lang='lat'>10</span> 
     </span>
    </p>
   </div>
   <div class='ocr_carea' id='block_1_4' title="bbox 87 550 468 606">
    <p class='ocr_par' dir='ltr' id='par_1_4' title="bbox 87 550 468 606">
     <span class='ocr_line' id='line_1_8' title="bbox 87 550 468 606; baseline -0.008 -12"><span class='ocrx_word' id='word_1_62' title='bbox 87 567 246 595; x_wconf 88' lang='lat' dir='ltr'>numve</span> <span class='ocrx_word' id='word_1_63' title='bbox 277 550 468 606; x_wconf 84' lang='lat' dir='ltr'>accipiat.</span> 
     </span>
    </p>
   </div>
   <div class='ocr_carea' id='block_1_5' title="bbox 87 604 1704 900">
    <p class='ocr_par' dir='ltr' id='par_1_5' title="bbox 87 604 1704 900">
     <span class='ocr_line' id='line_1_9' title="bbox 207 604 1700 663; baseline -0.005 -9"><span class='ocrx_word' id='word_1_64' title='bbox 207 609 372 654; x_wconf 85' lang='lat' dir='ltr'>Deinde</span> <span class='ocrx_word' id='word_1_65' title='bbox 398 607 744 663; x_wconf 75' lang='lat' dir='ltr'>obstrepentibus</span> <span class='ocrx_word' id='word_1_66' title='bbox 770 606 836 662; x_wconf 84' lang='lat' dir='ltr'>iis,</span> <span class='ocrx_word' id='word_1_67' title='bbox 864 605 1019 662; x_wconf 90' lang='lat' dir='ltr'>quibus</span> <span class='ocrx_word' id='word_1_68' title='bbox 1045 619 1096 648; x_wconf 87' lang='lat' dir='ltr'>ea</span> <span class='ocrx_word' id='word_1_69' title='bbox 1120 604 1383 648; x_wconf 88' lang='lat' dir='ltr'>contumelia</span> <span class='ocrx_word' id='word_1_70' title='bbox 1406 604 1657 660; x_wconf 83' lang='lat' dir='ltr'>parabatur,</span> <span class='ocrx_word' id='word_1_71' title='bbox 1672 604 1700 646; x_wconf 90' lang='grc'><strong>6</strong></span> 
     </span>
     <span class='ocr_line' id='line_1_10' title="bbox 88 663 1658 720; baseline -0.005 -7"><span class='ocrx_word' id='word_1_72' title='bbox 88 671 252 714; x_wconf 81' lang='lat' dir='ltr'>discors</span> <span class='ocrx_word' id='word_1_73' title='bbox 271 667 422 712; x_wconf 87' lang='lat' dir='ltr'>Suillio</span> <span class='ocrx_word' id='word_1_74' title='bbox 443 666 574 710; x_wconf 87' lang='lat' dir='ltr'>Silius</span> <span class='ocrx_word' id='word_1_75' title='bbox 600 666 756 709; x_wconf 88' lang='lat' dir='ltr'>acriter</span> <span class='ocrx_word' id='word_1_76' title='bbox 773 665 980 720; x_wconf 86' lang='lat' dir='ltr'>incubuit,</span> <span class='ocrx_word' id='word_1_77' title='bbox 1003 667 1198 708; x_wconf 85' lang='lat' dir='ltr'>veterum</span> <span class='ocrx_word' id='word_1_78' title='bbox 1218 666 1441 707; x_wconf 89' lang='lat' dir='ltr'>oratorum</span> <span class='ocrx_word' id='word_1_79' title='bbox 1460 663 1658 719; x_wconf 86' lang='lat' dir='ltr'>exempla</span> 
     </span>
     <span class='ocr_line' id='line_1_11' title="bbox 87 722 1657 784; baseline -0.005 -11"><span class='ocrx_word' id='word_1_80' title='bbox 87 729 295 784; x_wconf 86' lang='lat' dir='ltr'>referens,</span> <span class='ocrx_word' id='word_1_81' title='bbox 333 727 405 784; x_wconf 90' lang='lat' dir='ltr'>qui</span> <span class='ocrx_word' id='word_1_82' title='bbox 442 726 603 770; x_wconf 88' lang='lat' dir='ltr'>famam</span> <span class='ocrx_word' id='word_1_83' title='bbox 641 725 696 768; x_wconf 90' lang='lat' dir='ltr'>ad</span> <span class='ocrx_word' id='word_1_84' title='bbox 732 726 928 781; x_wconf 88' lang='lat' dir='ltr'>posteros</span> <span class='ocrx_word' id='word_1_85' title='bbox 965 724 1157 780; x_wconf 89' lang='lat' dir='ltr'>praemia</span> <span class='ocrx_word' id='word_1_86' title='bbox 1189 723 1457 780; x_wconf 89' lang='lat' dir='ltr'>eloquentiae</span> <span class='ocrx_word' id='word_1_87' title='bbox 1489 722 1657 779; x_wconf 85' lang='lat' dir='ltr'>cogita-</span> 
     </span>
     <span class='ocr_line' id='line_1_12' title="bbox 88 782 1655 843; baseline -0.004 -12"><span class='ocrx_word' id='word_1_88' title='bbox 88 789 265 831; x_wconf 82' lang='lat' dir='ltr'>vissent.</span> <span class='ocrx_word' id='word_1_89' title='bbox 318 786 652 843; x_wconf 86' lang='lat' dir='ltr'>pulcherrimam</span> <span class='ocrx_word' id='word_1_90' title='bbox 683 785 875 840; x_wconf 89' lang='lat' dir='ltr'>alioquin</span> <span class='ocrx_word' id='word_1_91' title='bbox 906 786 950 826; x_wconf 92' lang='lat' dir='ltr'>et</span> <span class='ocrx_word' id='word_1_92' title='bbox 979 784 1192 826; x_wconf 86' lang='lat' dir='ltr'>bonarum</span> <span class='ocrx_word' id='word_1_93' title='bbox 1225 783 1383 825; x_wconf 87' lang='lat' dir='ltr'>artium</span> <span class='ocrx_word' id='word_1_94' title='bbox 1414 782 1655 838; x_wconf 90' lang='lat' dir='ltr'>principem</span> 
     </span>
     <span class='ocr_line' id='line_1_13' title="bbox 87 842 1704 900; baseline -0.004 -10"><span class='ocrx_word' id='word_1_95' title='bbox 87 848 271 892; x_wconf 85' lang='lat' dir='ltr'>sordidis</span> <span class='ocrx_word' id='word_1_96' title='bbox 297 845 550 889; x_wconf 88' lang='lat' dir='ltr'>ministeriis</span> <span class='ocrx_word' id='word_1_97' title='bbox 581 844 763 900; x_wconf 84' lang='lat' dir='ltr'>foedari3</span> <span class='ocrx_word' id='word_1_98' title='bbox 794 858 847 886; x_wconf 89' lang='lat' dir='ltr'>ne</span> <span class='ocrx_word' id='word_1_99' title='bbox 873 843 1003 886; x_wconf 91' lang='lat' dir='ltr'>fidem</span> <span class='ocrx_word' id='word_1_100' title='bbox 1028 842 1201 899; x_wconf 89' lang='lat' dir='ltr'>quidem</span> <span class='ocrx_word' id='word_1_101' title='bbox 1224 842 1443 899; x_wconf 87' lang='lat' dir='ltr'>integram</span> <span class='ocrx_word' id='word_1_102' title='bbox 1468 855 1657 897; x_wconf 86' lang='lat' dir='ltr'>manere,</span> <span class='ocrx_word' id='word_1_103' title='bbox 1682 853 1704 884; x_wconf 84' lang='lat'><strong>5</strong></span> 
     </span>
    </p>
   </div>
   <div class='ocr_carea' id='block_1_6' title="bbox 14 901 1656 963">
    <p class='ocr_par' dir='ltr' id='par_1_6' title="bbox 14 901 1656 963">
     <span class='ocr_line' id='line_1_14' title="bbox 14 901 1656 963; baseline -0.004 -13"><span class='ocrx_word' id='word_1_104' title='bbox 14 904 16 907; x_wconf 68' lang='grc'><strong>’</strong></span> <span class='ocrx_word' id='word_1_105' title='bbox 87 907 163 950; x_wconf 88' lang='lat' dir='ltr'>ubi</span> <span class='ocrx_word' id='word_1_106' title='bbox 193 905 447 963; x_wconf 85' lang='lat' dir='ltr'>magnitudo</span> <span class='ocrx_word' id='word_1_107' title='bbox 480 906 736 960; x_wconf 87' lang='lat' dir='ltr'>quaestuum</span> <span class='ocrx_word' id='word_1_108' title='bbox 771 905 999 958; x_wconf 87' lang='lat' dir='ltr'>spectetur.</span> <span class='ocrx_word' id='word_1_109' title='bbox 1060 902 1174 958; x_wconf 92' lang='lat' dir='ltr'>quod</span> <span class='ocrx_word' id='word_1_110' title='bbox 1207 902 1244 944; x_wconf 89' lang='lat' dir='ltr'>si</span> <span class='ocrx_word' id='word_1_111' title='bbox 1275 902 1322 944; x_wconf 91' lang='lat' dir='ltr'>in</span> <span class='ocrx_word' id='word_1_112' title='bbox 1351 901 1513 945; x_wconf 89' lang='lat' dir='ltr'>nullius</span> <span class='ocrx_word' id='word_1_113' title='bbox 1545 915 1656 943; x_wconf 87' lang='lat' dir='ltr'>mer-</span> 
     </span>
    </p>
   </div>
   <div class='ocr_carea' id='block_1_7' title="bbox 86 960 1659 1139">
    <p class='ocr_par' dir='ltr' id='par_1_7' title="bbox 86 960 1659 1139">
     <span class='ocr_line' id='line_1_15' title="bbox 86 960 1658 1022; baseline -0.004 -13"><span class='ocrx_word' id='word_1_114' title='bbox 86 967 232 1009; x_wconf 88' lang='lat' dir='ltr'>cedem</span> <span class='ocrx_word' id='word_1_115' title='bbox 251 965 427 1022; x_wconf 87' lang='lat' dir='ltr'>negotia</span> <span class='ocrx_word' id='word_1_116' title='bbox 445 966 558 1019; x_wconf 84' lang='lat' dir='ltr'>eant,</span> <span class='ocrx_word' id='word_1_117' title='bbox 578 964 783 1019; x_wconf 86' lang='lat' dir='ltr'>pauciora</span> <span class='ocrx_word' id='word_1_118' title='bbox 801 962 911 1005; x_wconf 84' lang='lat' dir='ltr'>fore:</span> <span class='ocrx_word' id='word_1_119' title='bbox 934 977 1047 1005; x_wconf 91' lang='lat' dir='ltr'>nunc</span> <span class='ocrx_word' id='word_1_120' title='bbox 1066 961 1328 1017; x_wconf 84' lang='lat' dir='ltr'>inimicitias,</span> <span class='ocrx_word' id='word_1_121' title='bbox 1348 960 1658 1015; x_wconf 83' lang='lat' dir='ltr'>accusationes,</span> 
     </span>
     <span class='ocr_line' id='line_1_16' title="bbox 86 1020 1658 1078; baseline -0.004 -10"><span class='ocrx_word' id='word_1_122' title='bbox 86 1026 187 1068; x_wconf 91' lang='lat' dir='ltr'>odia</span> <span class='ocrx_word' id='word_1_123' title='bbox 219 1027 262 1068; x_wconf 92' lang='lat' dir='ltr'>et</span> <span class='ocrx_word' id='word_1_124' title='bbox 291 1025 470 1067; x_wconf 88' lang='lat' dir='ltr'>iniurias</span> <span class='ocrx_word' id='word_1_125' title='bbox 501 1023 652 1078; x_wconf 85' lang='lat' dir='ltr'>foveri,</span> <span class='ocrx_word' id='word_1_126' title='bbox 682 1024 732 1064; x_wconf 88' lang='lat' dir='ltr'>ut</span> <span class='ocrx_word' id='word_1_127' title='bbox 762 1036 846 1078; x_wconf 93' lang='lat' dir='ltr'>quo</span> <span class='ocrx_word' id='word_1_128' title='bbox 878 1021 1005 1064; x_wconf 94' lang='lat' dir='ltr'>modo</span> <span class='ocrx_word' id='word_1_129' title='bbox 1037 1021 1102 1064; x_wconf 82' lang='lat' dir='ltr'>vis</span> <span class='ocrx_word' id='word_1_130' title='bbox 1127 1021 1377 1064; x_wconf 90' lang='lat' dir='ltr'>morborum</span> <span class='ocrx_word' id='word_1_131' title='bbox 1401 1020 1543 1075; x_wconf 89' lang='lat' dir='ltr'>pretia</span> <span class='ocrx_word' id='word_1_132' title='bbox 1567 1033 1658 1062; x_wconf 91' lang='lat' dir='ltr'>me-</span> 
     </span>
     <span class='ocr_line' id='line_1_17' title="bbox 87 1079 1659 1139; baseline -0.004 -11"><span class='ocrx_word' id='word_1_133' title='bbox 87 1085 300 1139; x_wconf 88' lang='lat' dir='ltr'>dentibus,</span> <span class='ocrx_word' id='word_1_134' title='bbox 332 1084 393 1126; x_wconf 88' lang='lat' dir='ltr'>sic</span> <span class='ocrx_word' id='word_1_135' title='bbox 423 1083 507 1125; x_wconf 86' lang='lat' dir='ltr'>fori</span> <span class='ocrx_word' id='word_1_136' title='bbox 536 1082 659 1124; x_wconf 90' lang='lat' dir='ltr'>tabes</span> <span class='ocrx_word' id='word_1_137' title='bbox 689 1081 916 1137; x_wconf 90' lang='lat' dir='ltr'>pecuniam</span> <span class='ocrx_word' id='word_1_138' title='bbox 941 1080 1160 1123; x_wconf 87' lang='lat' dir='ltr'>advocatis</span> <span class='ocrx_word' id='word_1_139' title='bbox 1185 1080 1307 1123; x_wconf 89' lang='lat' dir='ltr'>ferat.</span> <span class='ocrx_word' id='word_1_140' title='bbox 1356 1079 1659 1129; x_wconf 85' lang='lat' dir='ltr'>meminissent</span> 
     </span>
    </p>
   </div>
   <div class='ocr_carea' id='block_1_8' title="bbox 87 1137 1730 1198">
    <p class='ocr_par' dir='ltr' id='par_1_8' title="bbox 87 1137 1730 1198">
     <span class='ocr_line' id='line_1_18' title="bbox 87 1137 1730 1198; baseline -0.002 -12"><span class='ocrx_word' id='word_1_141' title='bbox 87 1142 134 1186; x_wconf 91' lang='lat' dir='ltr'>C.</span> <span class='ocrx_word' id='word_1_142' title='bbox 166 1143 326 1198; x_wconf 84' lang='lat' dir='ltr'>Asinii,</span> <span class='ocrx_word' id='word_1_143' title='bbox 359 1142 417 1185; x_wconf 92' lang='lat' dir='ltr'>M.</span> <span class='ocrx_word' id='word_1_144' title='bbox 448 1141 675 1185; x_wconf 86' lang='lat' dir='ltr'>Messallae</span> <span class='ocrx_word' id='word_1_145' title='bbox 708 1156 757 1183; x_wconf 91' lang='lat' dir='ltr'>ac</span> <span class='ocrx_word' id='word_1_146' title='bbox 787 1141 1072 1184; x_wconf 87' lang='lat' dir='ltr'>recentiorum</span> <span class='ocrx_word' id='word_1_147' title='bbox 1103 1139 1301 1182; x_wconf 89' lang='lat' dir='ltr'>Arruntii</span> <span class='ocrx_word' id='word_1_148' title='bbox 1332 1141 1376 1182; x_wconf 91' lang='lat' dir='ltr'>et</span> <span class='ocrx_word' id='word_1_149' title='bbox 1406 1137 1656 1187; x_wconf 81' lang='lat' dir='ltr'>Aesernini:</span> <span class='ocrx_word' id='word_1_150' title='bbox 1686 1150 1730 1183; x_wconf 86' lang='lat'>10</span> 
     </span>
    </p>
   </div>
   <div class='ocr_carea' id='block_1_9' title="bbox 44 1198 1660 1436">
    <p class='ocr_par' dir='ltr' id='par_1_9' title="bbox 44 1198 1660 1436">
     <span class='ocr_line' id='line_1_19' title="bbox 87 1198 1659 1258; baseline -0.004 -12"><span class='ocrx_word' id='word_1_151' title='bbox 87 1203 143 1246; x_wconf 92' lang='lat' dir='ltr'>ad</span> <span class='ocrx_word' id='word_1_152' title='bbox 175 1217 344 1246; x_wconf 88' lang='lat' dir='ltr'>summa</span> <span class='ocrx_word' id='word_1_153' title='bbox 373 1203 599 1258; x_wconf 87' lang='lat' dir='ltr'>provectos</span> <span class='ocrx_word' id='word_1_154' title='bbox 630 1201 881 1255; x_wconf 88' lang='lat' dir='ltr'>incorrupta</span> <span class='ocrx_word' id='word_1_155' title='bbox 911 1200 1001 1243; x_wconf 87' lang='lat' dir='ltr'>vita</span> <span class='ocrx_word' id='word_1_156' title='bbox 1029 1202 1072 1241; x_wconf 90' lang='lat' dir='ltr'>et</span> <span class='ocrx_word' id='word_1_157' title='bbox 1096 1199 1308 1242; x_wconf 89' lang='lat' dir='ltr'>facundia.</span> <span class='ocrx_word' id='word_1_158' title='bbox 1357 1198 1464 1249; x_wconf 82' lang='lat' dir='ltr'>talia</span> <span class='ocrx_word' id='word_1_159' title='bbox 1490 1198 1659 1240; x_wconf 87' lang='lat' dir='ltr'>dicente</span> 
     </span>
     <span class='ocr_line' id='line_1_20' title="bbox 44 1256 1660 1317; baseline -0.004 -12"><span class='ocrx_word' id='word_1_160' title='bbox 44 1272 47 1276; x_wconf 85' lang='grc'><strong>’</strong></span> <span class='ocrx_word' id='word_1_161' title='bbox 86 1263 262 1305; x_wconf 90' lang='lat' dir='ltr'>consule</span> <span class='ocrx_word' id='word_1_162' title='bbox 305 1261 547 1317; x_wconf 88' lang='lat' dir='ltr'>designato,</span> <span class='ocrx_word' id='word_1_163' title='bbox 596 1259 966 1303; x_wconf 86' lang='lat' dir='ltr'>consentientibus</span> <span class='ocrx_word' id='word_1_164' title='bbox 1014 1259 1109 1301; x_wconf 91' lang='lat' dir='ltr'>aliis</span> <span class='ocrx_word' id='word_1_165' title='bbox 1151 1258 1388 1313; x_wconf 84' lang='lat' dir='ltr'>parabatur</span> <span class='ocrx_word' id='word_1_166' title='bbox 1431 1256 1660 1312; x_wconf 77' lang='lat' dir='ltr'>sententia,</span> 
     </span>
     <span class='ocr_line' id='line_1_21' title="bbox 86 1314 1655 1378; baseline -0.004 -14"><span class='ocrx_word' id='word_1_167' title='bbox 86 1337 173 1378; x_wconf 91' lang='lat' dir='ltr'>qua</span> <span class='ocrx_word' id='word_1_168' title='bbox 197 1322 292 1378; x_wconf 84' lang='lat' dir='ltr'>lege</span> <span class='ocrx_word' id='word_1_169' title='bbox 317 1320 652 1376; x_wconf 88' lang='lat' dir='ltr'>repetundarum</span> <span class='ocrx_word' id='word_1_170' title='bbox 676 1321 941 1373; x_wconf 88' lang='lat' dir='ltr'>tenerentur,</span> <span class='ocrx_word' id='word_1_171' title='bbox 973 1333 1070 1361; x_wconf 90' lang='lat' dir='ltr'>cum</span> <span class='ocrx_word' id='word_1_172' title='bbox 1097 1316 1274 1360; x_wconf 88' lang='lat' dir='ltr'>Suillius</span> <span class='ocrx_word' id='word_1_173' title='bbox 1300 1319 1344 1359; x_wconf 92' lang='lat' dir='ltr'>et</span> <span class='ocrx_word' id='word_1_174' title='bbox 1369 1314 1655 1359; x_wconf 78' lang='lat' dir='ltr'>Cossutianus</span> 
     </span>
     <span class='ocr_line' id='line_1_22' title="bbox 86 1376 1656 1436; baseline -0.004 -13"><span class='ocrx_word' id='word_1_175' title='bbox 86 1384 132 1423; x_wconf 92' lang='lat' dir='ltr'>et</span> <span class='ocrx_word' id='word_1_176' title='bbox 163 1381 303 1436; x_wconf 88' lang='lat' dir='ltr'>ceteri,</span> <span class='ocrx_word' id='word_1_177' title='bbox 333 1380 406 1436; x_wconf 89' lang='lat' dir='ltr'>qui</span> <span class='ocrx_word' id='word_1_178' title='bbox 436 1394 524 1422; x_wconf 89' lang='lat' dir='ltr'>non</span> <span class='ocrx_word' id='word_1_179' title='bbox 554 1379 771 1434; x_wconf 84' lang='lat' dir='ltr'>iudicium,</span> <span class='ocrx_word' id='word_1_180' title='bbox 802 1378 959 1434; x_wconf 92' lang='lat' dir='ltr'>quippe</span> <span class='ocrx_word' id='word_1_181' title='bbox 991 1378 1036 1420; x_wconf 91' lang='lat' dir='ltr'>in</span> <span class='ocrx_word' id='word_1_182' title='bbox 1067 1376 1336 1432; x_wconf 85' lang='lat' dir='ltr'>manifestos,</span> <span class='ocrx_word' id='word_1_183' title='bbox 1367 1376 1443 1418; x_wconf 91' lang='lat' dir='ltr'>sed</span> <span class='ocrx_word' id='word_1_184' title='bbox 1466 1390 1656 1431; x_wconf 87' lang='lat' dir='ltr'>poenam</span> 
     </span>
    </p>
   </div>
   <div class='ocr_carea' id='block_1_10' title="bbox 87 1435 1726 1495">
    <p class='ocr_par' dir='ltr' id='par_1_10' title="bbox 87 1435 1726 1495">
     <span class='ocr_line' id='line_1_23' title="bbox 87 1435 1726 1495; baseline -0.002 -12"><span class='ocrx_word' id='word_1_185' title='bbox 87 1440 222 1483; x_wconf 88' lang='lat' dir='ltr'>statui</span> <span class='ocrx_word' id='word_1_186' title='bbox 246 1439 465 1495; x_wconf 82' lang='lat' dir='ltr'>videbant,</span> <span class='ocrx_word' id='word_1_187' title='bbox 495 1438 818 1482; x_wconf 89' lang='lat' dir='ltr'>circumsistunt</span> <span class='ocrx_word' id='word_1_188' title='bbox 842 1436 1083 1492; x_wconf 83' lang='lat' dir='ltr'>Caesarem,</span> <span class='ocrx_word' id='word_1_189' title='bbox 1114 1438 1214 1478; x_wconf 90' lang='lat' dir='ltr'>ante</span> <span class='ocrx_word' id='word_1_190' title='bbox 1239 1438 1336 1478; x_wconf 87' lang='lat' dir='ltr'>acta</span> <span class='ocrx_word' id='word_1_191' title='bbox 1361 1435 1652 1490; x_wconf 89' lang='lat' dir='ltr'>deprecantes.</span> <span class='ocrx_word' id='word_1_192' title='bbox 1682 1448 1726 1481; x_wconf 85' lang='lat'>15</span> 
     </span>
    </p>
   </div>
   <div class='ocr_carea' id='block_1_11' title="bbox 86 1495 1695 1672">
    <p class='ocr_par' dir='ltr' id='par_1_11' title="bbox 86 1495 1695 1672">
     <span class='ocr_line' id='line_1_24' title="bbox 205 1495 1695 1554; baseline -0.004 -12"><span class='ocrx_word' id='word_1_193' title='bbox 205 1499 266 1541; x_wconf 86' lang='lat' dir='ltr'>Et</span> <span class='ocrx_word' id='word_1_194' title='bbox 289 1501 519 1554; x_wconf 90' lang='lat' dir='ltr'>postquam</span> <span class='ocrx_word' id='word_1_195' title='bbox 544 1497 705 1549; x_wconf 83' lang='lat' dir='ltr'>adnuit,</span> <span class='ocrx_word' id='word_1_196' title='bbox 730 1497 794 1539; x_wconf 89' lang='lat' dir='ltr'>ita</span> <span class='ocrx_word' id='word_1_197' title='bbox 819 1510 946 1553; x_wconf 86' lang='lat' dir='ltr'>agere</span> <span class='ocrx_word' id='word_1_198' title='bbox 970 1496 1199 1552; x_wconf 88' lang='lat' dir='ltr'>incipiunt:</span> <span class='ocrx_word' id='word_1_199' title='bbox 1225 1509 1354 1551; x_wconf 89' lang='lat' dir='ltr'>quem</span> <span class='ocrx_word' id='word_1_200' title='bbox 1378 1495 1503 1537; x_wconf 91' lang='lat' dir='ltr'>illum</span> <span class='ocrx_word' id='word_1_201' title='bbox 1527 1496 1655 1536; x_wconf 87' lang='lat' dir='ltr'>tanta</span> <span class='ocrx_word' id='word_1_202' title='bbox 1671 1498 1695 1540; x_wconf 82' lang='lat'><strong>7</strong></span> 
     </span>
     <span class='ocr_line' id='line_1_25' title="bbox 86 1554 1657 1614; baseline -0.004 -12"><span class='ocrx_word' id='word_1_203' title='bbox 86 1559 289 1614; x_wconf 86' lang='lat' dir='ltr'>superbia</span> <span class='ocrx_word' id='word_1_204' title='bbox 319 1572 426 1614; x_wconf 89' lang='lat' dir='ltr'>esse,</span> <span class='ocrx_word' id='word_1_205' title='bbox 455 1559 505 1600; x_wconf 90' lang='lat' dir='ltr'>ut</span> <span class='ocrx_word' id='word_1_206' title='bbox 535 1556 837 1599; x_wconf 88' lang='lat' dir='ltr'>aeternitatem</span> <span class='ocrx_word' id='word_1_207' title='bbox 868 1555 1009 1599; x_wconf 89' lang='lat' dir='ltr'>famae</span> <span class='ocrx_word' id='word_1_208' title='bbox 1042 1570 1117 1612; x_wconf 90' lang='lat' dir='ltr'>spe</span> <span class='ocrx_word' id='word_1_209' title='bbox 1148 1554 1427 1611; x_wconf 80' lang='lat' dir='ltr'>praesumat?</span> <span class='ocrx_word' id='word_1_210' title='bbox 1480 1554 1580 1596; x_wconf 90' lang='lat' dir='ltr'>usui</span> <span class='ocrx_word' id='word_1_211' title='bbox 1612 1555 1657 1596; x_wconf 91' lang='lat' dir='ltr'>et</span> 
     </span>
     <span class='ocr_line' id='line_1_26' title="bbox 86 1614 1657 1672; baseline -0.004 -11"><span class='ocrx_word' id='word_1_212' title='bbox 86 1619 214 1670; x_wconf 80' lang='lat' dir='ltr'>rebus</span> <span class='ocrx_word' id='word_1_213' title='bbox 241 1617 478 1660; x_wconf 83' lang='lat' dir='ltr'>subsidium</span> <span class='ocrx_word' id='word_1_214' title='bbox 503 1615 768 1672; x_wconf 81' lang='lat' dir='ltr'>praeparari,</span> <span class='ocrx_word' id='word_1_215' title='bbox 791 1630 846 1658; x_wconf 91' lang='lat' dir='ltr'>ne</span> <span class='ocrx_word' id='word_1_216' title='bbox 872 1616 970 1672; x_wconf 92' lang='lat' dir='ltr'>quis</span> <span class='ocrx_word' id='word_1_217' title='bbox 995 1614 1144 1671; x_wconf 88' lang='lat' dir='ltr'>inopia</span> <span class='ocrx_word' id='word_1_218' title='bbox 1170 1614 1478 1657; x_wconf 84' lang='lat' dir='ltr'>advocatorum</span> <span class='ocrx_word' id='word_1_219' title='bbox 1501 1616 1657 1669; x_wconf 91' lang='lat' dir='ltr'>poten-</span> 
     </span>
    </p>
   </div>
   <div class='ocr_carea' id='block_1_12' title="bbox 87 1779 838 2631">
    <p class='ocr_par' dir='ltr' id='par_1_12' title="bbox 137 1779 775 1826">
     <span class='ocr_line' id='line_1_27' title="bbox 137 1779 775 1826; baseline -0.002 -10"><span class='ocrx_word' id='word_1_220' title='bbox 137 1785 168 1816; x_wconf 87' lang='lat'>5.</span> <span class='ocrx_word' id='word_1_221' title='bbox 195 1781 353 1826; x_wconf 66' lang='lat' dir='ltr'>insignis</span> <span class='ocrx_word' id='word_1_222' title='bbox 378 1798 422 1810; x_wconf 89' lang='lat'><em>=</em></span> <span class='ocrx_word' id='word_1_223' title='bbox 446 1780 620 1823; x_wconf 77' lang='lat' dir='ltr'>illustris,</span> <span class='ocrx_word' id='word_1_224' title='bbox 643 1779 716 1824; x_wconf 88' lang='lat' dir='ltr'>Kp.</span> <span class='ocrx_word' id='word_1_225' title='bbox 742 1783 775 1815; x_wconf 94' lang='lat'>4.</span> 
     </span>
    </p>

    <p class='ocr_par' dir='ltr' id='par_1_13' title="bbox 87 1826 836 2203">
     <span class='ocr_line' id='line_1_28' title="bbox 137 1826 835 1871; baseline -0.004 -7"><span class='ocrx_word' id='word_1_226' title='bbox 137 1832 170 1864; x_wconf 84' lang='lat'>6.</span> <span class='ocrx_word' id='word_1_227' title='bbox 205 1828 322 1871; x_wconf 75' lang='lat' dir='ltr'>datis,</span> <span class='ocrx_word' id='word_1_228' title='bbox 352 1839 416 1863; x_wconf 90' lang='lat' dir='ltr'>um</span> <span class='ocrx_word' id='word_1_229' title='bbox 447 1826 612 1863; x_wconf 68' lang='lat' dir='ltr'>namlich</span> <span class='ocrx_word' id='word_1_230' title='bbox 637 1826 698 1862; x_wconf 90' lang='lat' dir='ltr'>die</span> <span class='ocrx_word' id='word_1_231' title='bbox 724 1837 835 1871; x_wconf 87' lang='lat' dir='ltr'>ange-</span> 
     </span>
     <span class='ocr_line' id='line_1_29' title="bbox 87 1873 835 1921; baseline -0.003 -11"><span class='ocrx_word' id='word_1_232' title='bbox 87 1875 271 1921; x_wconf 75' lang='lat' dir='ltr'>kiindigte</span> <span class='ocrx_word' id='word_1_233' title='bbox 297 1874 470 1920; x_wconf 85' lang='lat' dir='ltr'>Anklage</span> <span class='ocrx_word' id='word_1_234' title='bbox 501 1885 541 1910; x_wconf 91' lang='lat' dir='ltr'>so</span> <span class='ocrx_word' id='word_1_235' title='bbox 572 1873 686 1909; x_wconf 93' lang='lat' dir='ltr'>milde</span> <span class='ocrx_word' id='word_1_236' title='bbox 712 1873 835 1909; x_wconf 86' lang='lat' dir='ltr'>einzu-</span> 
     </span>
     <span class='ocr_line' id='line_1_30' title="bbox 89 1920 834 1966; baseline -0.004 -8"><span class='ocrx_word' id='word_1_237' title='bbox 89 1923 244 1966; x_wconf 82' lang='lat' dir='ltr'>richten‚</span> <span class='ocrx_word' id='word_1_238' title='bbox 274 1921 354 1958; x_wconf 82' lang='lat' dir='ltr'>dass</span> <span class='ocrx_word' id='word_1_239' title='bbox 382 1922 447 1958; x_wconf 86' lang='lat' dir='ltr'>der</span> <span class='ocrx_word' id='word_1_240' title='bbox 470 1921 676 1966; x_wconf 82' lang='lat' dir='ltr'>Verklagte</span> <span class='ocrx_word' id='word_1_241' title='bbox 701 1920 834 1966; x_wconf 82' lang='lat' dir='ltr'>freige-</span> 
     </span>
     <span class='ocr_line' id='line_1_31' title="bbox 89 1967 835 2015; baseline -0.005 -9"><span class='ocrx_word' id='word_1_242' title='bbox 89 1971 272 2015; x_wconf 88' lang='lat' dir='ltr'>sprochen</span> <span class='ocrx_word' id='word_1_243' title='bbox 295 1969 433 2006; x_wconf 73' lang='lat' dir='ltr'>wiirde.</span> <span class='ocrx_word' id='word_1_244' title='bbox 482 1967 554 2004; x_wconf 88' lang='lat' dir='ltr'>Ein</span> <span class='ocrx_word' id='word_1_245' title='bbox 578 1979 619 2004; x_wconf 89' lang='lat' dir='ltr'>so</span> <span class='ocrx_word' id='word_1_246' title='bbox 644 1968 835 2003; x_wconf 86' lang='lat' dir='ltr'>bestoche-</span> 
     </span>
     <span class='ocr_line' id='line_1_32' title="bbox 89 2014 836 2072; baseline -0.005 -19"><span class='ocrx_word' id='word_1_247' title='bbox 89 2028 156 2053; x_wconf 91' lang='lat' dir='ltr'>ner</span> <span class='ocrx_word' id='word_1_248' title='bbox 180 2017 372 2072; x_wconf 63' lang='lat' dir='ltr'>Anklager</span> <span class='ocrx_word' id='word_1_249' title='bbox 401 2015 516 2052; x_wconf 84' lang='lat' dir='ltr'>heisst</span> <span class='ocrx_word' id='word_1_250' title='bbox 545 2015 660 2052; x_wconf 83' lang='lat' dir='ltr'>sehon</span> <span class='ocrx_word' id='word_1_251' title='bbox 690 2014 752 2050; x_wconf 90' lang='lat' dir='ltr'>bei</span> <span class='ocrx_word' id='word_1_252' title='bbox 777 2014 836 2050; x_wconf 87' lang='lat' dir='ltr'>Ci-</span> 
     </span>
     <span class='ocr_line' id='line_1_33' title="bbox 89 2067 834 2167; baseline -0.003 -20"><span class='ocrx_word' id='word_1_253' title='bbox 89 2067 556 2167; x_wconf 24' lang='lat' dir='ltr'>oefzcnpmubraevffisstossber</span> <span class='ocrx_word' id='word_1_254' title='bbox 581 2110 647 2146; x_wconf 90' lang='lat' dir='ltr'>das</span> <span class='ocrx_word' id='word_1_255' title='bbox 672 2110 834 2156; x_wconf 85' lang='lat' dir='ltr'>Tempus</span> 
     </span>
     <span class='ocr_line' id='line_1_34' title="bbox 89 2159 380 2203; baseline 0 -8"><span class='ocrx_word' id='word_1_256' title='bbox 89 2171 118 2195; x_wconf 88' lang='lat' dir='ltr'>s.</span> <span class='ocrx_word' id='word_1_257' title='bbox 144 2159 239 2195; x_wconf 82' lang='lat' dir='ltr'>Eml.</span> <span class='ocrx_word' id='word_1_258' title='bbox 266 2163 296 2203; x_wconf 73' lang='lat'>§-</span> <span class='ocrx_word' id='word_1_259' title='bbox 323 2163 380 2195; x_wconf 87' lang='lat'>98.</span> 
     </span>
    </p>

    <p class='ocr_par' dir='ltr' id='par_1_14' title="bbox 137 2205 833 2252">
     <span class='ocr_line' id='line_1_35' title="bbox 137 2205 833 2252; baseline -0.004 -9"><span class='ocrx_word' id='word_1_260' title='bbox 137 2211 170 2243; x_wconf 89' lang='lat'>8.</span> <span class='ocrx_word' id='word_1_261' title='bbox 185 2207 329 2243; x_wconf 80' lang='lat' dir='ltr'>consule</span> <span class='ocrx_word' id='word_1_262' title='bbox 341 2207 478 2252; x_wconf 71' lang='lat' dir='ltr'>desiqn.</span> <span class='ocrx_word' id='word_1_263' title='bbox 498 2205 585 2252; x_wconf 89' lang='lat' dir='ltr'>Vgl.</span> <span class='ocrx_word' id='word_1_264' title='bbox 599 2218 644 2241; x_wconf 85' lang='lat' dir='ltr'>zu</span> <span class='ocrx_word' id='word_1_265' title='bbox 658 2209 691 2250; x_wconf 89' lang='lat'>3,</span> <span class='ocrx_word' id='word_1_266' title='bbox 706 2209 764 2250; x_wconf 78' lang='lat'>22,</span> <span class='ocrx_word' id='word_1_267' title='bbox 779 2208 833 2240; x_wconf 90' lang='lat'>14.</span> 
     </span>
    </p>

    <p class='ocr_par' dir='ltr' id='par_1_15' title="bbox 89 2252 835 2433">
     <span class='ocr_line' id='line_1_36' title="bbox 138 2252 833 2290; baseline -0.004 0"><span class='ocrx_word' id='word_1_268' title='bbox 138 2253 251 2290; x_wconf 88' lang='lat' dir='ltr'>Silius</span> <span class='ocrx_word' id='word_1_269' title='bbox 281 2254 375 2290; x_wconf 80' lang='lat' dir='ltr'>wird</span> <span class='ocrx_word' id='word_1_270' title='bbox 403 2254 456 2289; x_wconf 88' lang='lat' dir='ltr'>im</span> <span class='ocrx_word' id='word_1_271' title='bbox 473 2253 650 2290; x_wconf 81' lang='lat' dir='ltr'>Oktober</span> <span class='ocrx_word' id='word_1_272' title='bbox 674 2252 740 2289; x_wconf 89' lang='lat' dir='ltr'>des</span> <span class='ocrx_word' id='word_1_273' title='bbox 764 2252 833 2288; x_wconf 83' lang='lat' dir='ltr'>fol-</span> 
     </span>
     <span class='ocr_line' id='line_1_37' title="bbox 89 2300 835 2347; baseline -0.003 -10"><span class='ocrx_word' id='word_1_274' title='bbox 89 2301 238 2347; x_wconf 87' lang='lat' dir='ltr'>genden</span> <span class='ocrx_word' id='word_1_275' title='bbox 266 2301 399 2337; x_wconf 82' lang='lat' dir='ltr'>Jahres</span> <span class='ocrx_word' id='word_1_276' title='bbox 436 2302 511 2347; x_wconf 88' lang='lat'>(48)</span> <span class='ocrx_word' id='word_1_277' title='bbox 548 2311 680 2347; x_wconf 80' lang='lat' dir='ltr'>wegen</span> <span class='ocrx_word' id='word_1_278' title='bbox 715 2300 835 2337; x_wconf 86' lang='lat' dir='ltr'>seines</span> 
     </span>
     <span class='ocr_line' id='line_1_38' title="bbox 90 2347 834 2432; baseline 0 -48"><span class='ocrx_word' id='word_1_279' title='bbox 90 2348 307 2432; x_wconf 52' lang='lat' dir='ltr'>Ehfibrpchs</span> <span class='ocrx_word' id='word_1_280' title='bbox 349 2349 419 2385; x_wconf 86' lang='lat' dir='ltr'>mit</span> <span class='ocrx_word' id='word_1_281' title='bbox 461 2347 662 2387; x_wconf 78' lang='lat' dir='ltr'>Messalina</span> <span class='ocrx_word' id='word_1_282' title='bbox 702 2347 834 2393; x_wconf 85' lang='lat' dir='ltr'>hinge-</span> 
     </span>
     <span class='ocr_line' id='line_1_39' title="bbox 90 2396 238 2433; baseline 0 -1"><span class='ocrx_word' id='word_1_283' title='bbox 90 2396 145 2432; x_wconf 84' lang='lat' dir='ltr'>ric</span> <span class='ocrx_word' id='word_1_284' title='bbox 172 2398 210 2433; x_wconf 71' lang='lat' dir='ltr'>te</span> <span class='ocrx_word' id='word_1_285' title='bbox 231 2425 238 2432; x_wconf 93' lang='lat'>.</span> 
     </span>
    </p>

    <p class='ocr_par' dir='ltr' id='par_1_16' title="bbox 90 2442 838 2631">
     <span class='ocr_line' id='line_1_40' title="bbox 139 2442 837 2489; baseline -0.003 -10"><span class='ocrx_word' id='word_1_286' title='bbox 139 2448 172 2480; x_wconf 86' lang='lat'>9.</span> <span class='ocrx_word' id='word_1_287' title='bbox 215 2444 323 2489; x_wconf 74' lang='lat' dir='ltr'>leqem</span> <span class='ocrx_word' id='word_1_288' title='bbox 361 2443 547 2486; x_wconf 72' lang='lat' dir='ltr'>Cinciam,</span> <span class='ocrx_word' id='word_1_289' title='bbox 588 2442 755 2478; x_wconf 75' lang='lat' dir='ltr'>n‘amlich</span> <span class='ocrx_word' id='word_1_290' title='bbox 793 2442 837 2478; x_wconf 80' lang='lat' dir='ltr'>de</span> 
     </span>
     <span class='ocr_line' id='line_1_41' title="bbox 90 2490 838 2534; baseline -0.003 -7"><span class='ocrx_word' id='word_1_291' title='bbox 90 2491 198 2527; x_wconf 76' lang='lat' dir='ltr'>donis</span> <span class='ocrx_word' id='word_1_292' title='bbox 221 2495 255 2527; x_wconf 71' lang='lat' dir='ltr'><strong><em>d</em></strong></span> <span class='ocrx_word' id='word_1_293' title='bbox 278 2491 500 2534; x_wconf 79' lang='lat' dir='ltr'>muneribus,</span> <span class='ocrx_word' id='word_1_294' title='bbox 522 2490 575 2526; x_wconf 91' lang='lat' dir='ltr'>im</span> <span class='ocrx_word' id='word_1_295' title='bbox 599 2490 633 2526; x_wconf 89' lang='lat' dir='ltr'>J.</span> <span class='ocrx_word' id='word_1_296' title='bbox 656 2494 726 2529; x_wconf 73' lang='lat'>204</span> <span class='ocrx_word' id='word_1_297' title='bbox 749 2501 838 2526; x_wconf 80' lang='lat' dir='ltr'>vom</span> 
     </span>
     <span class='ocr_line' id='line_1_42' title="bbox 93 2537 834 2621; baseline -0.001 -47"><span class='ocrx_word' id='word_1_298' title='bbox 93 2538 282 2621; x_wconf 41' lang='lat' dir='ltr'>Trssbunen</span> <span class='ocrx_word' id='word_1_299' title='bbox 300 2538 349 2575; x_wconf 90' lang='lat' dir='ltr'>M.</span> <span class='ocrx_word' id='word_1_300' title='bbox 372 2537 518 2574; x_wconf 84' lang='lat' dir='ltr'>Cincius</span> <span class='ocrx_word' id='word_1_301' title='bbox 537 2537 747 2573; x_wconf 85' lang='lat' dir='ltr'>Alimentus</span> <span class='ocrx_word' id='word_1_302' title='bbox 772 2548 834 2583; x_wconf 87' lang='lat' dir='ltr'>ge-</span> 
     </span>
     <span class='ocr_line' id='line_1_43' title="bbox 92 2597 223 2631; baseline -0.008 -9"><span class='ocrx_word' id='word_1_303' title='bbox 92 2597 139 2631; x_wconf 83' lang='lat' dir='ltr'>ge</span> <span class='ocrx_word' id='word_1_304' title='bbox 167 2597 223 2622; x_wconf 88' lang='lat' dir='ltr'>en.</span> 
     </span>
    </p>
   </div>
   <div class='ocr_carea' id='block_1_13' title="bbox 92 2678 839 2915">
    <p class='ocr_par' dir='ltr' id='par_1_17' title="bbox 92 2678 836 2773">
     <span class='ocr_line' id='line_1_44' title="bbox 92 2678 836 2725; baseline -0.001 -10"><span class='ocrx_word' id='word_1_305' title='bbox 92 2713 94 2715; x_wconf 74' lang='grc'><strong>,</strong></span> <span class='ocrx_word' id='word_1_306' title='bbox 140 2680 179 2717; x_wconf 80' lang='grc'>6.</span> <span class='ocrx_word' id='word_1_307' title='bbox 213 2685 246 2717; x_wconf 85' lang='grc'>3.</span> <span class='ocrx_word' id='word_1_308' title='bbox 272 2681 408 2725; x_wconf 80' lang='lat' dir='ltr'>famam</span> <span class='ocrx_word' id='word_1_309' title='bbox 434 2680 484 2716; x_wconf 82' lang='lat' dir='ltr'>ad</span> <span class='ocrx_word' id='word_1_310' title='bbox 502 2682 682 2725; x_wconf 78' lang='lat' dir='ltr'>posteros,</span> <span class='ocrx_word' id='word_1_311' title='bbox 706 2678 777 2715; x_wconf 85' lang='lat' dir='ltr'>wie</span> <span class='ocrx_word' id='word_1_312' title='bbox 803 2682 836 2724; x_wconf 90' lang='lat'>1,</span> 
     </span>
     <span class='ocr_line' id='line_1_45' title="bbox 96 2729 528 2773; baseline -0.005 -9"><span class='ocrx_word' id='word_1_313' title='bbox 96 2731 118 2763; x_wconf 86' lang='lat'>8</span> <span class='ocrx_word' id='word_1_314' title='bbox 142 2729 261 2773; x_wconf 66' lang='lat' dir='ltr'>azaria</span> <span class='ocrx_word' id='word_1_315' title='bbox 286 2729 336 2764; x_wconf 82' lang='lat' dir='ltr'>ad</span> <span class='ocrx_word' id='word_1_316' title='bbox 354 2730 528 2773; x_wconf 79' lang='lat' dir='ltr'>posteros.</span> 
     </span>
    </p>

    <p class='ocr_par' dir='ltr' id='par_1_18' title="bbox 97 2773 839 2915">
     <span class='ocr_line' id='line_1_46' title="bbox 144 2773 839 2821; baseline -0.003 -11"><span class='ocrx_word' id='word_1_317' title='bbox 144 2778 175 2810; x_wconf 81' lang='grc'>’1.</span> <span class='ocrx_word' id='word_1_318' title='bbox 210 2776 355 2821; x_wconf 70' lang='grc' dir='ltr'>περσεία</span> <span class='ocrx_word' id='word_1_319' title='bbox 384 2776 427 2811; x_wconf 81' lang='lat' dir='ltr'>in</span> <span class='ocrx_word' id='word_1_320' title='bbox 456 2774 647 2811; x_wconf 82' lang='lat' dir='ltr'>mercedem</span> <span class='ocrx_word' id='word_1_321' title='bbox 677 2777 764 2809; x_wconf 82' lang='lat' dir='ltr'>eunt</span> <span class='ocrx_word' id='word_1_322' title='bbox 788 2773 839 2808; x_wconf 85' lang='lat' dir='ltr'>ist</span> 
     </span>
     <span class='ocr_line' id='line_1_47' title="bbox 97 2820 838 2866; baseline 0 -10"><span class='ocrx_word' id='word_1_323' title='bbox 97 2820 178 2857; x_wconf 89' lang='lat' dir='ltr'>eine</span> <span class='ocrx_word' id='word_1_324' title='bbox 214 2833 308 2861; x_wconf 73' lang='lat' dir='ltr'>neue</span> <span class='ocrx_word' id='word_1_325' title='bbox 344 2822 484 2859; x_wconf 86' lang='lat' dir='ltr'>Phrase</span> <span class='ocrx_word' id='word_1_326' title='bbox 520 2822 617 2858; x_wconf 89' lang='lat' dir='ltr'>nach</span> <span class='ocrx_word' id='word_1_327' title='bbox 653 2820 838 2866; x_wconf 80' lang='lat' dir='ltr'>Analogie</span> 
     </span>
     <span class='ocr_line' id='line_1_48' title="bbox 97 2869 837 2915; baseline -0.001 -11"><span class='ocrx_word' id='word_1_328' title='bbox 97 2879 171 2904; x_wconf 86' lang='lat' dir='ltr'>von</span> <span class='ocrx_word' id='word_1_329' title='bbox 200 2873 233 2913; x_wconf 86' lang='lat'>5,</span> <span class='ocrx_word' id='word_1_330' title='bbox 261 2874 302 2906; x_wconf 90' lang='lat'>11</span> <span class='ocrx_word' id='word_1_331' title='bbox 329 2870 415 2906; x_wconf 78' lang='lat' dir='ltr'>odia</span> <span class='ocrx_word' id='word_1_332' title='bbox 439 2870 482 2905; x_wconf 76' lang='lat' dir='ltr'>in</span> <span class='ocrx_word' id='word_1_333' title='bbox 502 2869 700 2915; x_wconf 77' lang='lat' dir='ltr'>perniciem</span> <span class='ocrx_word' id='word_1_334' title='bbox 723 2869 837 2904; x_wconf 78' lang='lat' dir='ltr'>itwra.</span> 
     </span>
    </p>
   </div>
   <div class='ocr_carea' id='block_1_14' title="bbox 904 1778 1662 2273">
    <p class='ocr_par' dir='ltr' id='par_1_19' title="bbox 904 1778 1660 1872">
     <span class='ocr_line' id='line_1_49' title="bbox 910 1778 1660 1835; baseline -0.003 -20"><span class='ocrx_word' id='word_1_335' title='bbox 910 1783 966 1825; x_wconf 82' lang='lat'>12,</span> <span class='ocrx_word' id='word_1_336' title='bbox 998 1782 1043 1815; x_wconf 88' lang='grc'>68</span> <span class='ocrx_word' id='word_1_337' title='bbox 1069 1779 1135 1835; x_wconf 69' lang='lat' dir='ltr'>⁸ire</span> <span class='ocrx_word' id='word_1_338' title='bbox 1171 1778 1213 1816; x_wconf 79' lang='lat' dir='ltr'>in</span> <span class='ocrx_word' id='word_1_339' title='bbox 1248 1778 1376 1815; x_wconf 81' lang='lat' dir='ltr'>melius</span> <span class='ocrx_word' id='word_1_340' title='bbox 1411 1778 1660 1815; x_wconf 72' lang='lat' dir='ltr'>valetudinem</span> 
     </span>
     <span class='ocr_line' id='line_1_50' title="bbox 904 1838 1104 1872; baseline -0.005 -9"><span class='ocrx_word' id='word_1_341' title='bbox 904 1838 1104 1872; x_wconf 66' lang='lat' dir='ltr'>prmmpas.</span> 
     </span>
    </p>

    <p class='ocr_par' dir='ltr' id='par_1_20' title="bbox 956 1884 1519 1930">
     <span class='ocr_line' id='line_1_51' title="bbox 956 1884 1519 1930; baseline -0.002 -10"><span class='ocrx_word' id='word_1_342' title='bbox 956 1889 989 1921; x_wconf 86' lang='grc'>9.</span> <span class='ocrx_word' id='word_1_343' title='bbox 1025 1886 1101 1930; x_wconf 81' lang='lat' dir='ltr'>fori</span> <span class='ocrx_word' id='word_1_344' title='bbox 1123 1886 1222 1922; x_wconf 81' lang='lat' dir='ltr'>tabes</span> <span class='ocrx_word' id='word_1_345' title='bbox 1246 1884 1519 1920; x_wconf 83' lang='lat' dir='ltr'>Processsucht.</span> 
     </span>
    </p>

    <p class='ocr_par' dir='ltr' id='par_1_21' title="bbox 905 1942 1662 2273">
     <span class='ocr_line' id='line_1_52' title="bbox 957 1942 1662 1986; baseline -0.001 -7"><span class='ocrx_word' id='word_1_346' title='bbox 957 1948 1013 1981; x_wconf 91' lang='grc'>10.</span> <span class='ocrx_word' id='word_1_347' title='bbox 1047 1943 1197 1980; x_wconf 88' lang='lat' dir='ltr'>Asinius</span> <span class='ocrx_word' id='word_1_348' title='bbox 1222 1942 1345 1979; x_wconf 87' lang='lat' dir='ltr'>Pollio</span> <span class='ocrx_word' id='word_1_349' title='bbox 1377 1943 1455 1978; x_wconf 92' lang='lat' dir='ltr'>und</span> <span class='ocrx_word' id='word_1_350' title='bbox 1479 1943 1662 1986; x_wconf 84' lang='lat' dir='ltr'>Messalla</span> 
     </span>
     <span class='ocr_line' id='line_1_53' title="bbox 910 1990 1661 2028; baseline -0.001 -1"><span class='ocrx_word' id='word_1_351' title='bbox 910 1990 1088 2027; x_wconf 84' lang='lat' dir='ltr'>Corvinus</span> <span class='ocrx_word' id='word_1_352' title='bbox 1113 1991 1196 2027; x_wconf 86' lang='lat' dir='ltr'>sind</span> <span class='ocrx_word' id='word_1_353' title='bbox 1221 1991 1278 2027; x_wconf 88' lang='lat' dir='ltr'>oft</span> <span class='ocrx_word' id='word_1_354' title='bbox 1302 1991 1494 2028; x_wconf 66' lang='lat' dir='ltr'>erwahnte</span> <span class='ocrx_word' id='word_1_355' title='bbox 1520 1990 1661 2026; x_wconf 89' lang='lat' dir='ltr'>bedeu-</span> 
     </span>
     <span class='ocr_line' id='line_1_54' title="bbox 907 2038 1661 2085; baseline -0.003 -10"><span class='ocrx_word' id='word_1_356' title='bbox 907 2039 1018 2075; x_wconf 89' lang='lat' dir='ltr'>tende</span> <span class='ocrx_word' id='word_1_357' title='bbox 1053 2039 1202 2083; x_wconf 83' lang='lat' dir='ltr'>Redner</span> <span class='ocrx_word' id='word_1_358' title='bbox 1237 2039 1346 2074; x_wconf 89' lang='lat' dir='ltr'>unter</span> <span class='ocrx_word' id='word_1_359' title='bbox 1377 2038 1580 2085; x_wconf 88' lang='lat' dir='ltr'>Augustus.</span> <span class='ocrx_word' id='word_1_360' title='bbox 1614 2058 1661 2064; x_wconf 89' lang='lat'>--</span> 
     </span>
     <span class='ocr_line' id='line_1_55' title="bbox 906 2085 1658 2131; baseline 0 -10"><span class='ocrx_word' id='word_1_361' title='bbox 906 2085 1121 2131; x_wconf 87' lang='lat' dir='ltr'>Arruntius,</span> <span class='ocrx_word' id='word_1_362' title='bbox 1176 2088 1287 2122; x_wconf 87' lang='lat' dir='ltr'>unter</span> <span class='ocrx_word' id='word_1_363' title='bbox 1337 2085 1508 2121; x_wconf 86' lang='lat' dir='ltr'>Tiberius</span> <span class='ocrx_word' id='word_1_364' title='bbox 1556 2085 1658 2121; x_wconf 88' lang='lat' dir='ltr'>hoch</span> 
     </span>
     <span class='ocr_line' id='line_1_56' title="bbox 906 2133 1658 2179; baseline -0.001 -10"><span class='ocrx_word' id='word_1_365' title='bbox 906 2133 1093 2179; x_wconf 84' lang='lat' dir='ltr'>geachtet‚</span> <span class='ocrx_word' id='word_1_366' title='bbox 1118 2144 1196 2170; x_wconf 87' lang='lat' dir='ltr'>war</span> <span class='ocrx_word' id='word_1_367' title='bbox 1220 2133 1272 2169; x_wconf 91' lang='lat' dir='ltr'>im</span> <span class='ocrx_word' id='word_1_368' title='bbox 1296 2133 1331 2170; x_wconf 89' lang='lat' dir='ltr'>J.</span> <span class='ocrx_word' id='word_1_369' title='bbox 1358 2137 1403 2169; x_wconf 85' lang='grc'>37</span> <span class='ocrx_word' id='word_1_370' title='bbox 1430 2133 1549 2169; x_wconf 89' lang='lat' dir='ltr'>durch</span> <span class='ocrx_word' id='word_1_371' title='bbox 1574 2133 1658 2168; x_wconf 88' lang='lat' dir='ltr'>eine</span> 
     </span>
     <span class='ocr_line' id='line_1_57' title="bbox 905 2180 1661 2227; baseline 0 -11"><span class='ocrx_word' id='word_1_372' title='bbox 905 2181 1040 2217; x_wconf 85' lang='lat' dir='ltr'>frivole</span> <span class='ocrx_word' id='word_1_373' title='bbox 1059 2181 1231 2227; x_wconf 86' lang='lat' dir='ltr'>Anklage</span> <span class='ocrx_word' id='word_1_374' title='bbox 1250 2193 1334 2216; x_wconf 87' lang='lat' dir='ltr'>zum</span> <span class='ocrx_word' id='word_1_375' title='bbox 1348 2180 1582 2217; x_wconf 87' lang='lat' dir='ltr'>Selbstmord</span> <span class='ocrx_word' id='word_1_376' title='bbox 1595 2191 1661 2226; x_wconf 85' lang='lat' dir='ltr'>ge-</span> 
     </span>
     <span class='ocr_line' id='line_1_58' title="bbox 905 2227 1653 2273; baseline -0.001 -9"><span class='ocrx_word' id='word_1_377' title='bbox 905 2228 1062 2266; x_wconf 87' lang='lat' dir='ltr'>trieben.</span> <span class='ocrx_word' id='word_1_378' title='bbox 1079 2229 1114 2264; x_wconf 88' lang='lat' dir='ltr'>S.</span> <span class='ocrx_word' id='word_1_379' title='bbox 1130 2233 1164 2273; x_wconf 83' lang='lat'>6,</span> <span class='ocrx_word' id='word_1_380' title='bbox 1176 2232 1233 2265; x_wconf 90' lang='lat'>48.</span> <span class='ocrx_word' id='word_1_381' title='bbox 1248 2250 1293 2254; x_wconf 97' lang='lat'><strong>—</strong></span> <span class='ocrx_word' id='word_1_382' title='bbox 1305 2227 1506 2264; x_wconf 84' lang='lat' dir='ltr'>Marcellus</span> <span class='ocrx_word' id='word_1_383' title='bbox 1520 2230 1653 2264; x_wconf 86' lang='lat' dir='ltr'>Aeser-</span> 
     </span>
    </p>
   </div>
   <div class='ocr_carea' id='block_1_15' title="bbox 904 2275 1658 2360">
    <p class='ocr_par' dir='ltr' id='par_1_22' title="bbox 904 2275 1658 2360">
     <span class='ocr_line' id='line_1_59' title="bbox 905 2275 1658 2317; baseline -0.001 -6"><span class='ocrx_word' id='word_1_384' title='bbox 905 2276 1013 2312; x_wconf 90' lang='lat' dir='ltr'>ninus</span> <span class='ocrx_word' id='word_1_385' title='bbox 1048 2276 1099 2312; x_wconf 91' lang='lat' dir='ltr'>ist</span> <span class='ocrx_word' id='word_1_386' title='bbox 1138 2276 1200 2313; x_wconf 91' lang='lat' dir='ltr'>ein</span> <span class='ocrx_word' id='word_1_387' title='bbox 1236 2275 1359 2317; x_wconf 84' lang='lat' dir='ltr'>Enkel</span> <span class='ocrx_word' id='word_1_388' title='bbox 1401 2275 1467 2312; x_wconf 89' lang='lat' dir='ltr'>des</span> <span class='ocrx_word' id='word_1_389' title='bbox 1504 2275 1658 2311; x_wconf 87' lang='lat' dir='ltr'>Asinius</span> 
     </span>
     <span class='ocr_line' id='line_1_60' title="bbox 904 2323 1038 2360; baseline 0.015 -2"><span class='ocrx_word' id='word_1_390' title='bbox 904 2323 1038 2360; x_wconf 86' lang='lat' dir='ltr'>Pollio.</span> 
     </span>
    </p>
   </div>
   <div class='ocr_carea' id='block_1_16' title="bbox 907 2382 1662 2665">
    <p class='ocr_par' dir='ltr' id='par_1_23' title="bbox 907 2382 1662 2665">
     <span class='ocr_line' id='line_1_61' title="bbox 958 2382 1662 2429; baseline -0.004 -10"><span class='ocrx_word' id='word_1_391' title='bbox 958 2387 1012 2419; x_wconf 85' lang='lat'>13.</span> <span class='ocrx_word' id='word_1_392' title='bbox 1040 2383 1281 2420; x_wconf 83' lang='lat' dir='ltr'>Cossutianus</span> <span class='ocrx_word' id='word_1_393' title='bbox 1301 2382 1436 2429; x_wconf 84' lang='lat' dir='ltr'>Capito</span> <span class='ocrx_word' id='word_1_394' title='bbox 1459 2382 1554 2419; x_wconf 77' lang='lat' dir='ltr'>wird</span> <span class='ocrx_word' id='word_1_395' title='bbox 1574 2385 1662 2427; x_wconf 82' lang='lat' dir='ltr'>sp‘a-</span> 
     </span>
     <span class='ocr_line' id='line_1_62' title="bbox 908 2428 1660 2478; baseline -0.004 -11"><span class='ocrx_word' id='word_1_396' title='bbox 908 2433 966 2468; x_wconf 82' lang='lat' dir='ltr'>ter</span> <span class='ocrx_word' id='word_1_397' title='bbox 1002 2442 1133 2478; x_wconf 83' lang='lat' dir='ltr'>wegen</span> <span class='ocrx_word' id='word_1_398' title='bbox 1169 2430 1405 2476; x_wconf 85' lang='lat' dir='ltr'>Erpressung</span> <span class='ocrx_word' id='word_1_399' title='bbox 1446 2428 1660 2473; x_wconf 86' lang='lat' dir='ltr'>verurteilt,</span> 
     </span>
     <span class='ocr_line' id='line_1_63' title="bbox 907 2475 1661 2516; baseline -0.004 -2"><span class='ocrx_word' id='word_1_400' title='bbox 907 2479 1055 2515; x_wconf 85' lang='lat' dir='ltr'>kommt</span> <span class='ocrx_word' id='word_1_401' title='bbox 1085 2479 1175 2516; x_wconf 87' lang='lat' dir='ltr'>aber</span> <span class='ocrx_word' id='word_1_402' title='bbox 1204 2478 1344 2514; x_wconf 82' lang='lat' dir='ltr'>wieder</span> <span class='ocrx_word' id='word_1_403' title='bbox 1373 2477 1413 2512; x_wconf 92' lang='lat' dir='ltr'>in</span> <span class='ocrx_word' id='word_1_404' title='bbox 1444 2476 1518 2512; x_wconf 90' lang='lat' dir='ltr'>den</span> <span class='ocrx_word' id='word_1_405' title='bbox 1543 2475 1661 2512; x_wconf 87' lang='lat' dir='ltr'>Senat</span> 
     </span>
     <span class='ocr_line' id='line_1_64' title="bbox 907 2523 1661 2571; baseline -0.004 -10"><span class='ocrx_word' id='word_1_406' title='bbox 907 2526 985 2561; x_wconf 89' lang='lat' dir='ltr'>und</span> <span class='ocrx_word' id='word_1_407' title='bbox 1014 2526 1100 2561; x_wconf 87' lang='lat' dir='ltr'>tritt</span> <span class='ocrx_word' id='word_1_408' title='bbox 1130 2525 1200 2562; x_wconf 89' lang='lat' dir='ltr'>mit</span> <span class='ocrx_word' id='word_1_409' title='bbox 1224 2524 1355 2570; x_wconf 84' lang='lat' dir='ltr'>Erfolg</span> <span class='ocrx_word' id='word_1_410' title='bbox 1383 2524 1440 2559; x_wconf 87' lang='lat' dir='ltr'>als</span> <span class='ocrx_word' id='word_1_411' title='bbox 1464 2523 1661 2571; x_wconf 70' lang='lat' dir='ltr'>Ankl&#39;ager</span> 
     </span>
     <span class='ocr_line' id='line_1_65' title="bbox 910 2570 1660 2617; baseline -0.001 -10"><span class='ocrx_word' id='word_1_412' title='bbox 910 2572 975 2609; x_wconf 84' lang='lat' dir='ltr'>des</span> <span class='ocrx_word' id='word_1_413' title='bbox 992 2572 1157 2609; x_wconf 82' lang='lat' dir='ltr'>Thrasea</span> <span class='ocrx_word' id='word_1_414' title='bbox 1175 2572 1250 2617; x_wconf 88' lang='lat' dir='ltr'>auf,</span> <span class='ocrx_word' id='word_1_415' title='bbox 1275 2571 1395 2608; x_wconf 76' lang='lat' dir='ltr'>woft&#39;ir</span> <span class='ocrx_word' id='word_1_416' title='bbox 1413 2582 1453 2607; x_wconf 89' lang='lat' dir='ltr'>er</span> <span class='ocrx_word' id='word_1_417' title='bbox 1471 2570 1660 2616; x_wconf 73' lang='lat' dir='ltr'>glanzend</span> 
     </span>
     <span class='ocr_line' id='line_1_66' title="bbox 907 2619 1379 2665; baseline 0.002 -10"><span class='ocrx_word' id='word_1_418' title='bbox 907 2620 1066 2656; x_wconf 86' lang='lat' dir='ltr'>belohnt</span> <span class='ocrx_word' id='word_1_419' title='bbox 1089 2619 1183 2656; x_wconf 83' lang='lat' dir='ltr'>wird</span> <span class='ocrx_word' id='word_1_420' title='bbox 1207 2621 1279 2665; x_wconf 85' lang='grc'><strong>(16,</strong></span> <span class='ocrx_word' id='word_1_421' title='bbox 1305 2620 1379 2664; x_wconf 84' lang='grc'>33).</span> 
     </span>
    </p>
   </div>
   <div class='ocr_carea' id='block_1_17' title="bbox 909 2712 1662 2845">
    <p class='ocr_par' dir='ltr' id='par_1_24' title="bbox 909 2712 1662 2845">
     <span class='ocr_line' id='line_1_67' title="bbox 959 2712 1660 2750; baseline -0.004 0"><span class='ocrx_word' id='word_1_422' title='bbox 959 2714 996 2750; x_wconf 78' lang='grc'>7.</span> <span class='ocrx_word' id='word_1_423' title='bbox 1033 2718 1066 2750; x_wconf 74' lang='lat'>2.</span> <span class='ocrx_word' id='word_1_424' title='bbox 1097 2715 1185 2750; x_wconf 78' lang='lat' dir='ltr'>usui</span> <span class='ocrx_word' id='word_1_425' title='bbox 1214 2717 1248 2750; x_wconf 84' lang='lat' dir='ltr'>et</span> <span class='ocrx_word' id='word_1_426' title='bbox 1277 2714 1383 2750; x_wconf 82' lang='lat' dir='ltr'>rebus</span> <span class='ocrx_word' id='word_1_427' title='bbox 1412 2713 1464 2748; x_wconf 86' lang='lat' dir='ltr'>ist</span> <span class='ocrx_word' id='word_1_428' title='bbox 1493 2712 1660 2749; x_wconf 87' lang='lat' dir='ltr'>Hendia-</span> 
     </span>
     <span class='ocr_line' id='line_1_68' title="bbox 909 2759 1662 2845; baseline -0.003 -47"><span class='ocrx_word' id='word_1_429' title='bbox 909 2761 1074 2845; x_wconf 53' lang='grc' dir='ltr'>ἓζῖεθὲιῖ</span> <span class='ocrx_word' id='word_1_430' title='bbox 1092 2762 1152 2798; x_wconf 89' lang='lat' dir='ltr'>die</span> <span class='ocrx_word' id='word_1_431' title='bbox 1168 2762 1322 2808; x_wconf 70' lang='lat' dir='ltr'>notigen</span> <span class='ocrx_word' id='word_1_432' title='bbox 1334 2759 1575 2797; x_wconf 73' lang='lat' dir='ltr'>Bedurfnisse</span> <span class='ocrx_word' id='word_1_433' title='bbox 1595 2759 1662 2796; x_wconf 83' lang='lat' dir='ltr'>des</span> 
     </span>
    </p>
   </div>
   <div class='ocr_carea' id='block_1_18' title="bbox 958 2867 1661 2914">
    <p class='ocr_par' dir='ltr' id='par_1_25' title="bbox 958 2867 1661 2914">
     <span class='ocr_line' id='line_1_69' title="bbox 958 2867 1661 2914; baseline 0 -10"><span class='ocrx_word' id='word_1_434' title='bbox 958 2872 992 2904; x_wconf 88' lang='grc'>3.</span> <span class='ocrx_word' id='word_1_435' title='bbox 1012 2869 1223 2914; x_wconf 77' lang='lat' dir='ltr'>potentibus</span> <span class='ocrx_word' id='word_1_436' title='bbox 1232 2868 1266 2905; x_wconf 92' lang='lat' dir='ltr'>d.</span> <span class='ocrx_word' id='word_1_437' title='bbox 1277 2868 1314 2905; x_wconf 91' lang='lat' dir='ltr'>h.</span> <span class='ocrx_word' id='word_1_438' title='bbox 1326 2867 1458 2914; x_wconf 81' lang='lat' dir='ltr'>denen,</span> <span class='ocrx_word' id='word_1_439' title='bbox 1469 2867 1530 2905; x_wconf 87' lang='lat' dir='ltr'>die</span> <span class='ocrx_word' id='word_1_440' title='bbox 1540 2867 1661 2904; x_wconf 86' lang='lat' dir='ltr'>durch</span> 
     </span>
    </p>
   </div>
  </div>
 </body>
</html>
