1794 3126
206 157 291 199 226
643 158 869 195 CORNELII
894 158 1055 194 TACITI
1079 157 1339 195 ANNALIUM

137 267 191 309 12
323 266 368 309 Ρ.
401 266 551 309 Gallus
590 281 718 323 eques
750 266 988 321 Romanus,
1026 267 1139 322 quod
1169 266 1330 310 Faenio
1362 267 1476 310 Rufo
1510 268 1688 312 intimus
1720 272 1765 313 et

206 325 356 368 Veteri
386 341 473 368 non
505 326 668 368 alienus
699 326 851 381 fuerat,
884 341 994 381 aqua
1026 329 1152 381 atque
1184 326 1276 382 igni
1306 327 1550 382 prohibitus
1582 331 1658 371 est.
1712 329 1762 371 li-

204 385 328 428 berto
374 388 417 428 et
459 385 696 428 accusatori
739 385 975 440 praemium
1013 400 1168 440 operae
1205 386 1325 428 locus
1363 386 1408 427 in
1444 386 1616 430 theatro
1651 388 1774 431 inter

204 444 392 487 viatores
424 444 677 486 tribunicios
710 444 845 486 datur.
896 447 938 485 et
968 459 1136 487 menses
1170 444 1243 500 qui
1274 444 1468 500 Aprilem
1501 446 1763 502 eundemque

158 515 178 547 5
204 502 450 546 Neroneum
483 504 785 558 sequebantur,
819 502 957 544 Maius
983 501 1162 558 Claudii,
1192 503 1341 546 Iunius
1367 503 1610 547 Germanici
1639 519 1767 549 voca-

204 563 318 604 bulis
358 564 599 616 mutantur,
636 562 893 603 testificante
926 559 1124 605 Cornelio
1157 561 1309 618 Orfito,
1348 564 1420 618 qui
1451 563 1495 605 id
1526 567 1764 621 censuerat,

204 621 300 663 ideo
332 620 503 662 Iunium
535 635 723 662 mensem
754 620 1072 676 transmissum,
1103 622 1203 676 quia
1235 622 1318 664 duo
1349 623 1435 664 iam
1469 622 1675 678 Torquati
1707 624 1762 667 ob

205 680 366 722 scelera
396 679 611 721 interfecti
641 679 877 721 infaustum
908 685 1067 722 nomen
1096 679 1266 722 Iunium
1296 680 1512 724 fecissent.

138 745 190 787 13
323 738 408 781 Tot
438 738 700 780 facinoribus
731 738 903 780 foedum
937 753 1095 780 annum
1128 740 1258 781 etiam
1290 740 1333 781 di
1363 741 1694 795 tempestatibus
1721 743 1765 784 et

205 797 365 840 morbis
396 798 671 852 insignivere.
731 799 902 840 vastata
933 796 1172 852 Campania
1201 798 1375 841 turbine
1410 802 1652 855 ventorum,
1689 801 1763 857 qui

204 857 329 899 villas
361 857 538 899 arbusta
568 857 716 912 fruges
749 856 910 911 passim
943 856 1110 898 disiecit
1139 857 1401 912 pertulitque
1432 859 1681 902 violentiam
1707 860 1766 902 ad

204 917 346 958 vicina
387 916 502 971 urbi3
545 916 590 958 in
634 931 718 971 qua
761 930 887 958 omne
928 916 1174 958 mortalium
1213 930 1349 972 genus
1387 917 1452 959 vis
1491 918 1769 972 pestilentiae·

158 993 178 1024 5
205 975 565 1031 depopulabatur,
601 975 723 1017 nulla
754 975 861 1018 caeli
892 975 1162 1030 intemperie,
1202 990 1310 1031 quae
1343 979 1583 1018 occurreret
1613 977 1762 1020 oculis.

206 1035 276 1077 sed
317 1035 468 1076 domus
507 1034 757 1089 corporibus
791 1034 1018 1090 exanimis,
1054 1034 1210 1076 itinera
1239 1034 1462 1077 funeribus
1494 1036 1764 1090 complebam.

203 1096 292 1149 tur3
329 1108 417 1136 non
449 1108 592 1149 sexus,
630 1108 721 1136 non
752 1096 870 1135 aetas
902 1093 1091 1148 periculo
1123 1108 1276 1149 vacua3
1308 1093 1483 1137 servitia
1513 1094 1688 1150 perinde
1719 1097 1764 1138 et

204 1153 392 1208 ingenua
428 1153 574 1208 plebes
608 1153 769 1208 raptim
800 1152 1011 1209 extingui,
1047 1152 1161 1195 inter
1192 1154 1422 1209 coniugum
1454 1155 1497 1195 et
1527 1154 1763 1197 liberorum

203 1212 410 1267 lamenta,
455 1212 528 1268 qui
565 1212 666 1254 dum
704 1211 915 1266 adsident,
956 1211 1056 1254 dum
1094 1212 1268 1268 deflent,
1307 1226 1432 1267 saepe
1469 1212 1618 1255 eodem
1654 1227 1765 1270 rogo

135 1289 178 1320 10
204 1271 516 1314 cremabantur.
578 1271 769 1326 equitum
808 1273 1136 1326 senatorumque
1173 1271 1392 1326 interitus,
1432 1272 1627 1327 quamvis
1665 1287 1771 1327 pro-⁷

203 1331 343 1385 misci,
392 1331 534 1373 minus
577 1330 742 1372 flebiles
786 1333 925 1385 erant,
976 1333 1198 1386 tamquam
1243 1331 1460 1373 communi
1502 1331 1771 1374 mortalitate

205 1390 430 1432 saevitiam
459 1390 665 1445 principis
695 1390 1007 1444 praevenirent.

321 1449 484 1491 Eodem
506 1463 620 1491 anno
640 1448 820 1491 dilectus
839 1463 915 1504 per
936 1447 1124 1491 Galliam
1144 1448 1467 1491 Narbonensem
1488 1448 1764 1505 Africamque

205 1510 248 1550 et
273 1508 423 1551 Asiam
454 1507 595 1550 habiti
627 1510 729 1550 sunt
758 1508 1006 1564 supplendis
1031 1507 1220 1563 Illyricis
1246 1508 1500 1563 legionibus,
1531 1522 1582 1550 ex
1608 1508 1762 1564 quibus

135 1585 177 1616 15
205 1570 345 1610 aetate
390 1569 464 1609 aut
505 1567 748 1609 valetudine
791 1567 894 1609 fessi
939 1570 1205 1609 sacramento
1245 1567 1532 1609 solvebantur.
1600 1567 1763 1610 cladem

203 1625 531 1682 Lugdunensem
575 1626 859 1682 quadragiens
904 1626 1103 1668 sestertio
1149 1626 1311 1668 solatus
1351 1628 1417 1667 est
1453 1626 1670 1682 princeps,
1713 1628 1763 1668 ut

205 1686 363 1727 amissa
394 1686 489 1727 urbi
519 1688 792 1741 reponerent3
825 1699 954 1740 quam
978 1685 1202 1740 pecuniam
1227 1684 1535 1740 Lugdunenses
1562 1687 1660 1727 ante
1687 1685 1762 1728 ob-

203 1745 394 1787 tulerant
424 1744 542 1787 urbis
575 1744 756 1787 casibus.

134 1812 190 1852 14
324 1802 367 1846 C.
395 1802 600 1846 Suetonio
625 1802 781 1846 Luccio
809 1802 1009 1845 Telesino
1036 1803 1285 1845 consulibus
1307 1802 1523 1845 Antistius
1545 1801 1770 1859 Sosianus,

251 1943 315 1982 12.
348 1947 378 1978 2.
415 1944 516 1979 Statt
541 1944 731 1988 prohibere
760 1942 801 1976 in
825 1942 947 1978 dieser
1021 1947 1075 1987 14,
1104 1947 1122 1978 7
1148 1944 1224 1978 nisi
1241 1944 1518 1988 praeveniretur
1536 1942 1760 1989 Agrippina.

202 1991 341 2026 Phrase
360 1991 427 2026 hat
439 1991 589 2026 Tacitus
608 1991 711 2026 sonst
725 2001 845 2026 arcere
858 1990 947 2025 oder
1018 1991 1092 2025 Das
1127 1989 1256 2026 Passiv
1292 1994 1513 2036 praeventus
1552 1990 1639 2026 Sall.
1676 1989 1769 2037 Jug.

201 2038 424 2075 interdicere.
451 2059 495 2064 —
522 2039 646 2074 liberto
670 2041 703 2073 et
731 2038 944 2073 accusatori.
1020 2041 1075 2083 71,
1102 2041 1133 2073 5.

201 2086 282 2140 Nur
317 2085 541 2139 Fortunatus
579 2086 661 2140 <Kp-
703 2086 760 2130 10)
798 2085 850 2120 ist
885 2095 946 2131 ge·
1069 2100 1123 2132 14.
1155 2097 1331 2143 Illyricis.
1377 2097 1427 2132 za
1452 2096 1605 2142 Illyrien
1629 2097 1764 2143 geher-

203 2133 336 2177 memfi,
362 2133 465 2168 mcht
489 2133 701 2169 Demlanus·
1019 2145 1084 2180 ten
1115 2144 1186 2179 seit
1210 2144 1400 2190 Augustus
1428 2144 1525 2179 auch
1549 2143 1763 2180 Dalmatien

243 2185 281 2233 ,6·
309 2179 499 2234 CPrneliUS
523 2180 659 2235 Ql'fifius
683 2191 760 2215 ΨΜ
778 2179 829 2214 im
848 2179 880 2215 J,
902 2183 944 2215 51
1018 2191 1095 2226 und
1126 2191 1186 2227 die
1211 2191 1415 2228 Provinzen
1446 2202 1493 2226 an
1518 2191 1583 2227 der
1606 2192 1763 2227 unteren

202 2229 272 2262 m1t
282 2227 414 2262 Kalser
424 2227 599 2262 Claudius
612 2227 754 2263 Konsul
766 2237 946 2272 gewesen.
1018 2239 1159 2274 Donau·

252 2278 282 2310 7.
321 2275 573 2310 transmissum
608 2276 700 2309 statt
730 2275 899 2310 omissum
929 2285 947 2309 e

199 2322 328 2366 fastis,
345 2369 352 2376 ο
371 2321 436 2357 der
473 2321 591 2357 Name
634 2322 686 2357 sei
723 2322 946 2366 gestrichen,
1018 2298 1649 2390 Lffiduggssh(1,seg³ss⁰⁹'itfff'5{¹)
1678 2308 1769 2380 ἓξὲξ

204 2369 297 2405 solle
316 2369 422 2404 nicht
439 2370 545 2404 mehr
562 2369 768 2415 gebraucht
786 2369 945 2404 werden.
1017 2356 1104 2427 hof?
1132 2391 1179 2427 ab
1181 2355 1347 2437 gebragl
1348 2394 1365 2427 t
1436 2393 1523 2428 ΕΜ
1555 2356 1678 2438 jetztg
1709 2392 1761 2427 im

1019 2440 1051 2475 J.
1079 2443 1135 2484 65,
1161 2440 1408 2475 unterstfitzte
1433 2439 1531 2475 Nero
1556 2439 1616 2475 die
1641 2419 1766 2484 stadt,

1018 2486 1102 2522 weil
1128 2486 1183 2522 sie
1207 2486 1442 2532 inzwischen,
1466 2487 1562 2522 trotz
1586 2485 1687 2522 ihrer
1707 2485 1761 2522 ei—

1017 2544 1137 2580 genen
1162 2533 1352 2577 Verluste‚
1381 2534 1477 2570 nach
1502 2533 1587 2570 dem
1611 2531 1762 2579 grossen

1016 2581 1160 2616 Brande
1191 2581 1304 2617 Roms
1337 2580 1599 2626 Geldbeitrage
1634 2580 1763 2627 einge-

1016 2628 1127 2664 sandt
1149 2628 1266 2664 hatte.

251 2463 315 2500 13.
348 2467 380 2499 5.
413 2464 503 2499 caeli
532 2464 758 2508 intemperies
786 2464 862 2499 erst
886 2462 946 2498 bei

200 2510 348 2556 Livius,
372 2512 605 2556 intemperiae
629 2509 691 2546 bei
716 2510 819 2546 Cato.

251 2562 282 2594 7.
310 2559 466 2603 perinde
495 2561 545 2602 et,
575 2557 645 2593 wie
677 2562 711 2603 2,
743 2562 763 2593 2
792 2558 946 2602 perinde

200 2606 325 2642 odium
345 2606 474 2651 pravis
492 2609 526 2641 et
542 2605 707 2641 honestis.
737 2604 823 2641 hist.
844 2608 878 2649 4,
898 2608 942 2639 43

195 2654 351 2698 perinde
387 2653 485 2688 dives
516 2656 549 2688 et
579 2653 780 2698 eloquentia
811 2653 942 2687 clarus.

204 2701 316 2736 Sonst
339 2700 400 2736 bei
425 2699 510 2736 Tac.
536 2699 607 2735 mit
632 2711 693 2743 ac,
717 2703 840 2745 atque,
865 2710 941 2745 que.

252 2751 306 2784 11.
350 2751 534 2793 tamquam
576 2747 648 2791 „da
684 2745 737 2782 sie
771 2747 847 2792 ja“.
906 2746 941 2782 S.
1063 2745 1125 2782 14.
1167 2751 1197 2781 1.
1222 2736 1324 2782 Uber
1350 2732 1544 2781 Suetonius
1569 2744 1762 2788 Paulinus,

201 2793 298 2830 Einl.
325 2797 354 2837 ξ.
381 2798 437 2830 95.
465 2815 508 2820 -
534 2795 714 2830 comm-wni
738 2794 860 2838 „allen
878 2804 942 2839 ge·
1015 2793 1080 2829 der
1098 2793 1150 2828 im
1169 2793 1201 2828 J.
1223 2797 1266 2829 61
1287 2793 1325 2828 in
1340 2791 1556 2828 Britannien
1574 2790 1760 2838 befehligt

202 2841 398 2886 meinsam,
424 2841 694 2887 gewbhnlich“.
1014 2841 1136 2884 hatte,
1181 2852 1207 2875 s.
1246 2852 1290 2875 zu
1331 2843 1387 2884 14,
1425 2842 1479 2874 29.
1520 2859 1562 2864 —
1602 2838 1758 2874 Luccius

251 2892 306 2925 12,
331 2890 546 2933 praevenire
576 2889 646 2924 mit
676 2889 758 2923 dem
783 2888 942 2923 Accusa-
1014 2887 1207 2923 Telesinus
1226 2887 1318 2923 wird
1337 2887 1462 2932 spater
1479 2897 1552 2922 von
1566 2885 1761 2922 Domitian

201 2936 257 2972 tiv
275 2935 391 2971 findet
410 2935 489 2971 sich
509 2937 584 2971 erst
602 2935 671 2971 seit
689 2934 824 2971 Livius.
855 2935 939 2981 Vgl.
1015 2934 1206 2971 verbannt.
