1820 3100
191 87 277 130 192
617 86 846 123 CORNELII
870 86 1036 122 TACITI
1060 85 1321 123 ANNALIUM

191 194 326 238 Silani
358 197 554 237 materna
583 195 709 249 bona,
741 195 897 249 quippe
923 194 1027 237 Atia
1056 196 1234 250 parente
1269 194 1418 249 geniti,
1448 193 1753 250 reddendaque
1802 195 1804 197 ’

189 254 280 297 filio
313 253 432 306 dixit,
463 253 676 295 adnuente
707 252 893 296 Tiberio.
1810 261 1820 299 4

309 312 371 354 At
407 311 632 355 Cornelius
663 310 893 354 Dolabella
929 312 1030 353 dum
1068 310 1360 354 adulationem
1397 310 1572 366 longius
1611 311 1752 366 sequi·
1816 311 1820 325 ²

193 374 283 426 tur,
314 370 536 427 increpitis
568 369 612 413 G.
640 369 775 413 Silani
806 371 999 412 moribus
1039 370 1201 412 addidit
1238 384 1292 412 ne
1326 369 1422 424 quis
1453 370 1545 412 vita
1574 369 1753 424 probro-

193 444 264 472 sus
297 431 341 471 et
379 432 555 484 opertus
587 429 768 471 infamia
811 430 1077 484 provinciam
1110 429 1356 481 sortiretur,
1395 428 1523 483 idque
1553 428 1754 484 princeps

192 488 455 531 diiudicaret.
515 502 614 531 nam
648 503 673 529 a
704 487 874 542 legibus
907 488 1060 530 delicta
1090 488 1250 542 puniri:
1283 488 1445 542 quanto
1476 486 1567 529 fore
1600 486 1753 529 melius

145 559 167 590 5
192 547 237 589 in
268 547 399 602 ipsos,
430 547 585 589 melius
618 547 663 588 in
695 547 846 600 socios,
877 546 1094 601 provideri
1124 560 1178 588 ne
1211 548 1472 600 peccaretur.
1528 545 1754 588 adversum

194 620 302 660 quae
329 605 530 648 disseruit
562 604 739 648 Caesar:
770 619 857 647 non
890 605 1058 660 quidem
1094 605 1177 646 sibi
1201 605 1356 660 ignara
1381 618 1491 660 quae
1522 604 1573 646 de
1605 603 1755 647 Silano

191 665 494 720 vulgabantur,
526 664 599 706 sed
629 678 718 706 non
750 677 802 705 ex
837 678 1012 706 rumore
1045 663 1331 706 statuendum.
1393 664 1554 705 multos
1584 662 1631 704 in
1660 677 1756 717 pro-

191 723 344 765 vinciis
388 726 540 765 contra
582 737 712 777 quam
754 736 855 776 spes
901 725 975 764 aut
1017 724 1157 764 metus
1201 721 1252 763 de
1294 721 1381 763 illis
1424 721 1554 763 fuerit
1596 721 1755 776 egisse·

192 781 367 823 excitari
411 781 622 837 quosdam
666 781 719 823 ad
759 781 939 823 meliora
986 780 1281 836 magnitudine
1322 794 1484 835 rerum,
1525 780 1755 822 hebescere

194 840 313 881 alios.
381 854 519 894 neque
559 854 688 893 posse
725 840 961 895 principem
1000 854 1078 881 sua
1115 839 1295 881 scientia
1331 840 1486 881 cuncta
1517 839 1757 905 complecti,

121 313 176 355 69

123 853 167 884 10

192 912 329 953 neque
369 898 569 952 expedire
606 900 657 939 ut
694 898 929 941 ambitione
967 898 1109 940 aliena
1147 897 1357 939 trahatur.
1417 897 1512 939 ideo
1551 898 1671 953 leges
1710 897 1755 938 in

192 957 308 999 facta
339 957 564 1011 constitui,
602 956 702 1011 quia
737 957 885 1000 futura
921 957 967 998 in
1003 956 1168 998 incerto
1207 956 1305 998 sint.
1366 956 1427 998 sic
1459 971 1485 998 a
1515 956 1754 998 maioribus

193 1016 459 1070 institutum,
496 1018 562 1070 ut,
600 1016 636 1057 si
673 1015 888 1058 antissent
925 1016 1098 1070 delicta,
1137 1029 1301 1070 poenae
1341 1016 1632 1070 sequerentur.
1701 1028 1756 1056 ne

193 1077 409 1117 verterent
447 1074 662 1129 sapienter
701 1078 873 1130 reperta
914 1077 957 1117 et
988 1088 1157 1128 semper
1196 1074 1381 1127 placita:
1427 1073 1533 1115 satis
1577 1087 1755 1116 onerum

125 1147 166 1178 15
192 1133 472 1188 principibus,
504 1133 610 1176 satis
637 1133 768 1175 etiam
793 1134 1021 1189 potentiae.
1077 1133 1214 1174 minui
1237 1131 1343 1187 iura,
1375 1131 1574 1187 quotiens
1601 1132 1758 1187 gliscat

193 1194 399 1247 potestas,
429 1206 507 1234 nec
532 1192 741 1234 utendum
765 1193 962 1248 imperio,
987 1192 1063 1234 ubi
1088 1191 1257 1247 legibus
1285 1191 1356 1246 agi
1380 1191 1530 1246 possit.
1591 1191 1754 1245 quanto

193 1251 331 1293 rarior
379 1251 492 1305 apud
534 1250 757 1293 Tiberium
802 1251 1088 1306 popularitas,
1133 1252 1256 1292 tanto
1299 1249 1552 1291 laetioribus
1596 1249 1753 1291 animis

194 1312 381 1364 accepta.
455 1311 585 1364 atque
627 1310 700 1352 ille
737 1310 925 1365 prudens
969 1308 1234 1363 moderandi,
1278 1308 1314 1350 si
1350 1308 1527 1363 propria
1563 1308 1628 1350 ira
1664 1321 1754 1350 non

194 1369 503 1423 impelleretur,
545 1368 709 1410 addidit
748 1369 937 1411 insulam
970 1368 1160 1424 Gyarum
1200 1367 1395 1409 inmitem
1436 1368 1479 1408 et
1511 1366 1604 1409 sine
1635 1366 1756 1409 cultu

193 1427 418 1469 hominum
450 1441 568 1469 esse:
600 1428 750 1469 darent
773 1427 924 1470 Iuniae
948 1427 1140 1470 familiae
1166 1429 1210 1468 et
1234 1425 1326 1468 viro
1355 1425 1569 1480 quondam
1595 1424 1758 1467 ordinis

194 1485 402 1541 eiusdem,
438 1488 488 1527 ut
518 1484 737 1541 Cythnum
778 1487 923 1540 potius
956 1486 1216 1528 concederet.
1276 1484 1320 1526 id
1360 1498 1553 1526 sororem
1590 1497 1756 1538 quoque

123 1441 168 1473 20

1012 1647 1112 1681 dann
1136 1646 1233 1681 efter
1262 1646 1302 1681 in
1326 1645 1399 1681 den
1422 1644 1602 1680 Annalen.
1652 1645 1759 1680 Doch

1012 1693 1132 1729 bleibt
1168 1692 1263 1728 auch
1307 1692 1389 1727 hier
1427 1693 1565 1728 anteire
1601 1691 1758 1727 vorwie-

1011 1741 1120 1786 gend.
1195 1739 1514 1775 Bemerkenswert
1562 1739 1646 1774 sind
1695 1738 1757 1775 die

1011 1787 1134 1823 vielen
1146 1786 1340 1832 Asyndeta
1358 1798 1422 1822 zur
1439 1785 1577 1821 kurzen
1594 1784 1754 1822 Inhalts-

1012 1835 1157 1880 angabe
1181 1834 1247 1869 der
1271 1833 1384 1869 Rede.

242 1651 276 1683 8.
318 1648 411 1683 Atia
437 1646 547 1692 (nach
565 1646 731 1693 Madvig)
757 1659 834 1683 war
858 1648 940 1683 eine

195 1695 427 1740 angesehene
455 1704 560 1739 qens,
593 1706 638 1728 zu
669 1694 735 1729 der
759 1707 794 1730 u.
821 1706 853 1732 a.
880 1695 940 1730 die

195 1742 337 1777 Mutter
364 1741 429 1776 des
448 1741 638 1791 Augustus
664 1742 798 1786 gehort
822 1742 939 1777 hatte.

195 1846 216 1877 2
243 1795 307 1877 (ᾗ.
360 1798 390 1831 1.
444 1791 544 1828 Uber
586 1793 782 1830 Dolabella
824 1805 851 1830 ε.
896 1807 941 1830 zu

220 1868 230 1886 ,
305 1868 312 1875 .

243 1892 276 1922 4.
326 1899 351 1923 a
384 1889 522 1934 leqibus
552 1887 835 1933 personifiziert,
868 1887 939 1924 wie

195 1934 269 1971 Cic.
295 1935 393 1980 part.
420 1936 512 1973 orat.
538 1939 584 1970 38
617 1946 693 1971 ‘non
724 1946 795 1971 esse
825 1936 942 1979 feren-

196 1984 283 2018 dum
308 1993 332 2017 a
355 1993 535 2028 quoquam
560 1984 687 2028 potius
712 1983 839 2018 latoris
862 1993 942 2018 sen-

196 2040 277 2066 sum
307 2041 417 2074 quam
448 2041 472 2065 a
502 2030 576 2076 leye
613 2030 802 2075 explicari.
859 2030 941 2066 Sen.

198 2078 364 2113 controv.
391 2080 454 2121 24,
483 2081 499 2111 1
533 2078 671 2120 ferrum
701 2088 726 2112 a
757 2077 830 2122 leye
854 2077 944 2111 mihi

196 2124 385 2159 traditum.
458 2122 551 2158 Sehr
589 2123 709 2159 selten
752 2123 791 2158 in
828 2123 945 2159 Prosa

194 2170 364 2216 haufiger
387 2170 450 2206 bei
473 2170 664 2206 Dichtern.

245 2227 278 2258 7.
327 2223 586 2268 vulyabantur.
643 2214 740 2259 Uber
766 2222 826 2258 die
851 2222 941 2258 Auf-

194 2269 348 2314 hebung
382 2270 447 2305 der
477 2269 689 2305 indirekten
713 2269 817 2305 Rede
843 2281 871 2305 s.
898 2282 942 2304 zu

198 2320 229 2362 1,
257 2320 300 2351 10
326 2316 532 2352 abstulerat.

244 2375 277 2406 8.
333 2373 460 2405 contra
496 2380 620 2414 quam,
658 2380 728 2404 nur
763 2369 844 2404 hier
880 2369 942 2405 bei

196 2417 358 2461 Tacitus,
385 2416 481 2451 doch
501 2417 617 2451 schon
635 2415 696 2451 bei
717 2415 844 2451 Cicero
863 2417 940 2451 und

195 2463 335 2499 Livius.
386 2463 434 2499 So
460 2463 556 2499 auch
579 2474 680 2499 secus
704 2474 812 2508 quam
837 2467 878 2508 4,
906 2466 937 2498 8.

246 2561 300 2594 11.
344 2557 422 2592 Auf
437 2552 604 2602 expedire
628 2557 726 2603 folgt
744 2560 795 2601 ut,
822 2557 942 2593 damit

196 2604 302 2639 nicht
326 2604 388 2640 ein
411 2603 576 2640 Infinitiv
600 2615 686 2640 vom
683 2584 852 2639 eandem
876 2604 940 2640 ab·

197 2652 331 2697 hange.
393 2651 477 2697 Vgl.
505 2651 593 2687 dial.
620 2655 662 2686 31
689 2652 941 2697 intelliyebant

195 2709 286 2788 >lpus
309 2709 381 2734 esse
401 2719 443 2724 —
463 2701 515 2734 ut.
560 2702 604 2733 32
632 2699 847 2743 respondeat
864 2698 939 2742 suf-

224 2756 298 2780 cere
322 2749 373 2781 ut.

245 2800 300 2832 13.
337 2797 407 2832 Die
427 2798 535 2833 Form
555 2798 674 2834 antire
694 2799 785 2833 statt
804 2798 940 2834 anteire

196 2843 281 2878 tritt
306 2855 360 2889 cp.
389 2848 432 2879 66
459 2846 579 2880 zuerst
602 2845 663 2883 bei
687 2844 837 2880 Tacitus
864 2843 938 2889 auf,

1061 1891 1116 1922 14.
1133 1886 1286 1931 placita,
1303 1884 1554 1931 adjektivisch
1566 1885 1636 1921 wie
1650 1889 1684 1931 2,
1699 1889 1755 1921 66.

1064 1944 1118 1975 16.
1162 1942 1299 1985 quanto
1329 1939 1453 1974 rarior
1484 1959 1528 1963 —
1560 1941 1662 1974 tanto
1686 1938 1759 1974 lae-

1014 1987 1180 2022 tioribus.
1243 1986 1312 2021 Die
1349 1984 1611 2030 regelmafsige
1646 1984 1759 2020 Form

1015 2035 1081 2070 der
1114 2032 1477 2078 proportionalsatze
1520 2031 1571 2068 ist
1605 2031 1646 2067 in
1686 2031 1759 2068 den

1015 2081 1187 2116 Annalen
1199 2080 1284 2115 sehr
1303 2080 1437 2123 selten;
1458 2083 1490 2123 3,
1508 2082 1553 2114 30
1572 2089 1611 2115 eo
1634 2079 1759 2115 acrior

1015 2139 1085 2173 quo
1110 2128 1235 2173 magis.
1295 2131 1332 2171 1,
1360 2130 1404 2162 72
1436 2129 1573 2171 quanto
1597 2125 1686 2171 plus
1711 2145 1756 2152 -

1014 2178 1119 2210 tanto
1143 2175 1269 2219 mayis.

1064 2231 1118 2263 18.
1169 2227 1332 2272 prudens
1368 2225 1439 2260 mit
1472 2225 1557 2260 dem
1588 2223 1759 2270 Genetiv,

1014 2275 1110 2310 auch
1134 2273 1222 2319 Agr.
1250 2277 1305 2309 19.
1337 2273 1422 2307 hist.
1450 2276 1494 2315 2,
1520 2274 1577 2306 25.
1634 2252 1759 2308 Schon

1013 2321 1074 2357 bei
1118 2321 1245 2357 Cicero
1285 2320 1361 2354 und
1403 2299 1541 2354 Livi’us.
1608 2318 1757 2355 Ebenso

1012 2367 1241 2404 konstruiert
1275 2366 1427 2402 Tacitus
1460 2365 1657 2410 providus,
1689 2366 1758 2402 im-

1005 2415 1197 2460 providus,
1215 2413 1417 2459 praescius,
1454 2413 1622 2456 callidus,
1646 2415 1757 2449 vetus.

1014 2483 1058 2487 —
1102 2463 1136 2498 si
1177 2462 1247 2496 mit
1289 2460 1374 2495 dem
1416 2438 1649 2503 Konjunktiv
1691 2459 1758 2495 der

1013 2507 1317 2553 Wiederholung,
1342 2506 1413 2542 wie
1433 2510 1466 2551 2,
1487 2510 1530 2542 57
1551 2507 1584 2541 si
1607 2505 1756 2551 quamdo

1012 2556 1201 2591 adsideret.
1253 2558 1293 2598 4,
1320 2558 1339 2589 ’1
1371 2553 1590 2598 siquando
1619 2553 1756 2598 discep-

1013 2606 1115 2639 taret.
1165 2606 1205 2645 6,
1232 2603 1276 2636 30
1301 2600 1377 2635 und
1403 2600 1510 2636 efter.
1559 2599 1628 2635 Bei
1652 2599 1756 2636 mas-

1013 2649 1137 2684 sikcrn
1174 2648 1259 2683 sehr
1298 2647 1435 2683 seiten:
1473 2646 1546 2683 Cic.
1579 2647 1625 2682 de
1662 2647 1756 2686 orat.
1819 2662 1820 2665 ¹

1014 2699 1051 2740 1,
1077 2698 1123 2730 54
1158 2695 1192 2730 si
1223 2695 1331 2738 fraus
1354 2695 1526 2740 capitalis
1554 2705 1629 2730 mm
1659 2696 1759 2732 esset.
1818 2694 1820 2714 ³

1011 2748 1079 2784 Bei
1105 2747 1244 2783 Sueton
1268 2757 1364 2791 ganz
1389 2746 1636 2792 gewohnlich.

1060 2799 1115 2832 21.
1174 2794 1337 2840 Cythnus
1373 2794 1468 2839 liegt
1503 2792 1647 2829 siidlich
1680 2803 1756 2829 von

1011 2842 1175 2878 Sunium.

1804 2984 1820 3100 fiam-‘'-
1818 2967 1820 2969 .
1811 2907 1820 2917 *n*
1811 2891 1820 2898 .·
1810 2872 1820 2879 t
1811 2837 1820 2858 ..ι
