1794 3094
189 78 276 120 112
627 78 853 114 CORNELII
876 76 1040 115 TACITI
1062 77 1324 115 ANNALIUM

188 187 354 230 detulit.
416 187 582 230 celebre
619 187 732 229 inter
770 189 1039 230 accusatores
1072 186 1244 228 Trionis
1282 187 1506 243 ingenium
1537 189 1631 229 erat
1660 0 1794 230 a]

188 246 374 302 dumque
417 246 559 289 famae
603 246 753 289 malae.
815 246 963 288 statim
1007 245 1185 300 corripit
1223 259 1363 300 reum,
1410 245 1500 288 adit
1540 245 1751 302 consules,

189 306 481 361 cognitionem
514 308 690 348 senatus
730 305 883 360 poscit.
945 306 988 346 et
1024 307 1233 346 vocantur
1269 307 1433 360 patres,
1470 305 1615 347 addito
1653 319 1752 348 con-

190 364 440 407 sultandum
473 379 602 419 super
633 379 679 406 re
711 377 872 419 magna
904 366 947 405 et
978 364 1125 406 atroci.

308 422 416 466 Libo
455 424 628 465 interim
670 425 788 465 veste
826 424 996 464 mutata
1034 436 1130 464 cum
1167 422 1430 477 primoribus
1467 421 1640 464 feminis
1672 422 1753 464 cir-

190 482 351 525 cumire
377 483 540 538 domos,
572 496 693 525 orare
720 482 894 537 adfines,
918 495 1070 523 vocem
1096 481 1321 523 adversum
1345 481 1538 536 pericula
1562 495 1752 536 poscere,

190 541 477 584 abnuentibus
520 542 705 596 cunctis,
747 555 845 583 cum
885 540 1053 582 diversa
1094 540 1440 595 praetenderent,
1481 539 1629 582 eadem
1667 540 1756 583 for-

190 600 362 642 midine.
424 600 490 642 die
523 604 698 642 senatus
731 602 848 641 metu
881 602 925 641 et
956 599 1225 654 aegritudine
1255 598 1415 654 sessus,
1454 599 1543 641 sive
1580 602 1629 640 ut
1665 600 1754 641 tra-

144 668 165 699 5
191 659 333 700 didere
366 659 555 714 quidam,
586 660 789 701 simulato
815 659 981 712 morbo,
1013 658 1164 700 lectica
1190 657 1357 700 delatus
1384 658 1438 699 ad
1463 657 1578 700 fores
1607 657 1751 700 curiae

189 718 443 773 innisusque
482 718 608 759 fratri
649 721 692 759 et
731 732 884 759 manus
925 732 974 759 ac
1015 717 1231 772 supplices
1271 731 1396 759 voces
1439 717 1493 758 ad
1532 716 1752 759 Tiberium

189 777 369 818 tendens
401 778 581 818 immoto
614 777 704 819 eius
735 777 859 819 vultu
890 776 1110 831 excipitur.
1160 790 1261 818 mox
1286 776 1460 818 libellos
1487 778 1530 817 et
1554 777 1753 817 auctores

189 836 346 877 recitat
377 834 537 877 Caesar
567 836 630 877 ita
661 836 908 890 moderans,
946 849 998 876 ne
1036 835 1169 876 lenire
1201 849 1307 876 neve
1340 849 1540 890 asperare
1573 834 1755 876 crimina

192 894 420 936 videretur.

311 953 595 995 Accesserant
631 955 804 1007 praeter
835 951 1037 994 Trionem
1075 954 1118 993 et
1149 951 1306 994 Catum
1344 954 1615 995 accusatores
1645 951 1756 995 Fon-

193 1012 306 1053 teius
339 1011 536 1067 Agrippa
568 1015 612 1053 et-
643 1010 687 1054 O.
713 1010 882 1066 Vibius,
914 1011 1220 1066 certabantque
1253 1011 1321 1053 cui
1352 1011 1418 1052 ius
1452 1010 1681 1066 perorandi
1710 1010 1759 1053 in

192 1085 314 1112 reum
340 1071 525 1125 daretur,
557 1071 691 1112 donec
717 1069 885 1124 Vibius,
917 1070 1019 1124 quia
1045 1083 1124 1111 nec
1148 1069 1232 1124 ipsi
1257 1070 1370 1112 inter
1401 1084 1446 1111 se
1478 1069 1758 1112 concederent

196 1132 239 1171 et
269 1129 380 1172 Libo
414 1130 505 1172 sine
537 1132 720 1184 patrono
758 1129 1000 1183 introisset,
1038 1129 1295 1185 singillatim
1329 1143 1374 1170 se
1405 1128 1586 1170 crimina
1618 1128 1758 1171 obiec-

147 1197 168 1228 5
193 1191 340 1230 turum
372 1188 604 1243 professus,
633 1188 817 1243 protulit
847 1186 1016 1229 libellos
1048 1188 1279 1229 vaecordes
1312 1187 1430 1241 adeo,
1459 1190 1510 1229 ut
1540 1187 1758 1229 consulta-

194 1248 305 1289 verit
335 1247 456 1302 Libo,
489 1262 543 1289 an
572 1247 801 1289 habiturus
833 1246 946 1288 foret
977 1261 1091 1301 opes,
1124 1247 1219 1301 quis
1251 1246 1367 1289 viam
1399 1246 1590 1302 Appiam
1621 1246 1757 1297 Brun·

196 1306 353 1348 disium
390 1321 525 1361 usque
563 1306 747 1361 pecunia
778 1306 977 1360 operiret.
1037 1306 1211 1347 inerant
1242 1308 1285 1347 et
1314 1305 1399 1347 alia
1429 1305 1607 1347 huiusce
1638 1304 1758 1348 modi

195 1365 354 1407 stolida
374 1380 497 1419 vana,
524 1365 561 1406 si
586 1365 759 1406 mollius
780 1364 1007 1419 acciperes,
1032 1364 1288 1406 miseranda.
1331 1378 1417 1406 uno
1436 1367 1586 1406 tamen
1606 1364 1755 1406 libello

195 1439 327 1466 manu
370 1424 547 1466 Libonis
596 1423 843 1465 nominibus
888 1422 1124 1465 Caesarum
1175 1426 1250 1465 aut
1300 1427 1546 1465 senatorum
1589 1422 1756 1465 additas

128 1491 170 1522 10
197 1486 363 1525 atroces
404 1483 473 1524 vel
514 1483 703 1525 occultas
744 1485 868 1524 notas
912 1484 1136 1524 accusator
1177 1483 1397 1538 arguebat.
1458 1484 1645 1537 negante
1685 1496 1760 1525 reo

197 1542 508 1597 adgnoscentes
541 1556 687 1583 servos
720 1555 796 1595 per
825 1544 1042 1583 tormenta
1072 1540 1334 1597 interrogari
1365 1541 1542 1595 placuit.
1591 1543 1635 1583 et
1659 1540 1762 1596 quia

197 1603 340 1642 vetere
374 1603 549 1642 senatus
575 1600 773 1642 consulto
802 1600 996 1655 quaestio
1023 1600 1068 1641 in
1095 1601 1224 1654 caput
1249 1600 1414 1642 domini
1438 1599 1761 1655 prohibebatur,

197 1659 377 1702 callidus
421 1662 465 1702 et
507 1659 606 1701 novi
655 1659 762 1700 iuris
807 1660 1002 1714 repertor
1045 1658 1245 1700 Tiberius
1288 1658 1525 1713 mancipari
1568 1659 1761 1714 singulos

198 1719 336 1760 actori
375 1719 546 1773 publico
585 1718 728 1771 iubet,
770 1718 933 1760 scilicet
970 1719 1018 1759 ut
1056 1717 1101 1758 in
1138 1717 1350 1759 Libonem
1389 1731 1440 1759 ex
1471 1718 1606 1760 servis
1638 1717 1759 1760 salvo

119 422 175 465 29

120 952 178 994 30

200 1858 383 1951 ffissss}
399 1857 529 1940 (11Ξοιῖ
536 1856 947 1950 εἶῗιοεῖῗὲοῗέῗῑὶῗξῗθὲἶ

202 1955 259 1987 38.
310 1952 380 1988 Dio
416 1955 478 1996 58,
504 1955 549 1987 25
588 1952 864 2010 κατηγορηθείς
906 1963 945 1986 τε

199 1997 401 2044 παρεδόθη
434 1999 499 2034 καὶ
529 2000 658 2039 δείσας
691 1995 831 2035 εαυτὸν
856 2009 946 2043 προ-

201 2045 436 2082 απέκτεινεν.

252 2109 308 2141 13.
335 2098 435 2140 Uber
459 2105 586 2140 addito
613 2116 639 2139 s.
659 2103 757 2139 Einl.
778 2107 808 2147 5.
832 2106 909 2139 112.

251 2167 306 2199 14.
332 2174 441 2208 super
455 2163 524 2198 wie
538 2166 571 2207 6,
587 2166 629 2198 15
643 2173 820 2209 superque
838 2174 879 2198 ea
899 2173 947 2197 re.

204 2215 261 2255 11,
275 2214 320 2245 23
341 2221 382 2245 ea
400 2221 510 2255 super
527 2221 565 2245 re
583 2210 657 2245 und
679 2209 786 2246 oster.
826 2209 949 2245 Schon

201 2258 263 2292 bei
289 2257 416 2293 Cicero
441 2257 480 2292 in
506 2257 577 2292 den
600 2256 762 2301 Briefen,
789 2257 848 2293 ad.
867 2256 948 2292 Att.

204 2307 269 2348 10,
295 2307 334 2348 8,
363 2308 406 2339 10
432 2305 494 2339 sed
524 2304 592 2339 hac
623 2314 732 2348 super
764 2315 803 2339 re
827 2304 947 2340 nimis.

204 2351 314 2386 Fehlt
339 2352 429 2386 aber
454 2350 516 2387 bei
542 2349 663 2387 C'asar.

250 2409 315 2445 29.
349 2414 381 2445 2.
418 2420 536 2445 vocem
570 2410 662 2445 statt
696 2410 949 2453 defensionem.

202 2455 288 2502 Vgl.
309 2456 390 2492 Liv.
410 2460 467 2500 45,
490 2461 532 2491 10
559 2457 789 2493 accusatoria
812 2467 893 2492 vox.

252 2520 284 2551 6.
319 2514 405 2550 Sein
437 2515 577 2550 Bruder
607 2514 646 2551 L.
671 2514 763 2550 Libo
799 2526 876 2550 war
909 2515 950 2550 in

204 2563 271 2598 der
295 2563 419 2598 ersten
444 2561 570 2597 H‘alfte
603 2562 668 2597 des
693 2562 825 2597 Jahres
851 2563 949 2597 Kon-

205 2609 265 2644 sul
290 2620 471 2655 gewesen.
500 2630 542 2635 —
569 2620 701 2644 manus
720 2629 765 2635 —-
790 2610 947 2645 tendens.

204 2657 280 2691 Das
316 2657 480 2702 Zeugma
513 2656 564 2691 ist
598 2657 694 2691 nach
721 2655 823 2701 Virg.
857 2658 947 2692 Aen.

205 2707 328 2747 3,176
353 2705 528 2748 tendoque
551 2704 706 2753 supinas
732 2704 782 2738 ad
813 2703 951 2738 caelum

205 2761 286 2785 cum
310 2761 391 2786 voce
417 2761 558 2785 manus.
608 2743 771 2785 Abulich
797 2749 846 2785 ist
865 2761 949 2785 ann.

206 2801 239 2840 3,
260 2801 304 2831 36
331 2808 411 2832 eum
435 2808 547 2841 voces,
573 2808 653 2832 cum
677 2807 809 2832 manus
832 2798 949 2832 inten-

205 2847 335 2879 tarent.
381 2843 499 2879 Dafur
524 2846 609 2889 sagt
637 2844 719 2879 Cas.
741 2844 773 2880 b.
793 2855 829 2889 g.
850 2847 883 2887 2,
905 2847 948 2878 13

1018 1867 1152 1892 manus
1176 1857 1226 1892 ad
1247 1856 1434 1892 Gaesarem
1458 1857 1600 1892 tendere
1624 1859 1658 1892 et
1681 1866 1764 1893 voce

1019 1904 1144 1987 θ’θέὅῆ
1147 1914 1229 1987 11“
1254 1907 1455 1997 οὲἓξῖὲῗέξ
1485 1950 1580 1985 wira
1623 1961 1680 1996 cp
1715 1953 1762 1987 se

1019 2008 1094 2033 von
1117 1997 1288 2033 Tiberius
1313 1998 1460 2042 belobt,
1486 1997 1572 2032 weil
1596 2008 1637 2033 er
1661 1998 1764 2034 seine

1020 2045 1185 2080 Tochter
1234 2056 1297 2080 zur
1339 2044 1511 2080 Vestalin
1558 2043 1763 2080 bestimmt.

1019 2092 1164 2134 Vibius,
1189 2092 1241 2126 im
1255 2093 1288 2127 J.
1305 2096 1350 2127 23
1374 2092 1471 2127 nach
1490 2090 1673 2138 Amorgos
1699 2092 1764 2128 de·-

1019 2139 1188 2194 portiert,
1219 2139 1313 2174 wird
1330 2139 1382 2174 im
1400 2139 1433 2174 J.
1454 2141 1501 2173 24
1525 2148 1599 2174 von
1624 2138 1764 2175 seinem

1020 2187 1177 2232 eigenen
1197 2185 1320 2221 Sohne
1339 2186 1404 2221 des
1423 2184 1677 2221 Hochverrats
1697 2196 1764 2221 au-

1048 2234 1188 2278 eklagt.

1020 2246 1046 2279 g
1069 2284 1101 2315 8.
1129 2290 1203 2315 uno
1229 2279 1322 2314 statt
1345 2280 1388 2314 in
1410 2290 1495 2315 ano.
1533 2278 1634 2314 Einl.
1654 2283 1685 2323 5.
1705 2283 1764 2316 35.

1070 2331 1124 2362 10.
1159 2330 1335 2370 atroces,
1339 2323 1688 2370 ‚verbrecherischu
1718 2347 1763 2353 —

1021 2375 1181 2410 occultas
1206 2353 1541 2419 „geheimnisvoll“
1566 2373 1645 2409 und
1669 2373 1764 2410 eben

1022 2420 1177 2456 deshalb
1203 2421 1433 2465 verd’achtig.

1071 2471 1124 2503 12.
1144 2468 1306 2513 quaestio
1324 2468 1366 2502 in
1384 2470 1496 2512 caput
1513 2468 1664 2505 domini.
1678 2467 1765 2513 Vgl.

1023 2514 1095 2550 Cic.
1122 2525 1189 2560 pro
1221 2513 1299 2550 Mil.
1332 2518 1376 2549 22
1420 2515 1464 2550 de
1505 2515 1616 2550 servis
1657 2515 1766 2551 nulla

1022 2563 1094 2607 leqe
1123 2563 1284 2606 quaestio
1315 2565 1366 2597 est
1397 2562 1439 2596 in
1468 2562 1655 2597 dominum
1689 2561 1766 2597 nisi

1021 2609 1065 2644 de
1107 2609 1257 2644 incesta.
1313 2609 1419 2643 Doch
1456 2607 1631 2644 kommen
1669 2609 1765 2644 Aus-

1021 2655 1183 2690 nahmen
1214 2666 1296 2699 vor,
1328 2655 1398 2690 wie
1428 2654 1469 2689 in
1499 2655 1584 2690 dem
1615 2654 1762 2691 Prozel's

1023 2713 1145 2748 gegen
1169 2701 1230 2737 die
1257 2701 1502 2737 Catilinarier.

1072 2753 1127 2784 13.
1158 2752 1318 2793 repertor
1348 2748 1444 2783 auch
1469 2751 1509 2793 4,
1538 2752 1591 2784 11.
1619 2751 1662 2785 ’11
1687 2748 1765 2784 und
1791 2759 1794 2761 ·

1023 2797 1138 2831 sehon
1162 2795 1224 2831 bei
1250 2794 1399 2831 Sallust.

1072 2846 1127 2878 14.
1153 2842 1227 2878 Der
1240 2846 1340 2879 actor
1347 2842 1531 2887 publicus,
1545 2842 1606 2878 ein
1620 2841 1762 2878 Staats·
