1794 3126
568 101 715 136 LIBER
739 100 817 136 XV.
857 100 958 136 CAP.
986 103 1113 136 6-10.

1545 99 1634 142 175

181 208 381 253 Ceterum
418 209 575 252 Paetus
621 209 776 265 spretis
822 208 1036 250 ominibus
1078 207 1262 250 necdum
1302 208 1405 250 satis
1448 209 1675 253 firmatis8

57 267 367 324 hibernaculis,
404 270 524 312 nullo
564 269 626 311 rei
662 267 974 310 frumentariae
1011 267 1207 322 provisu,
1244 267 1361 322 rapit
1399 268 1631 310 exercitum

58 332 179 372 trans
211 331 403 371 montem
435 328 623 371 Taurum
660 326 968 382 reciperandis,
1004 328 1054 368 ut
1082 326 1267 380 ferebat,
1306 326 1630 382 Tigranocertis

58 388 366 444 vastandisque
397 387 668 444 regionibus,
713 401 819 442 quas
852 385 1039 429 Corbulo
1071 386 1266 442 integras
1298 386 1526 428 omisisset.
1588 389 1632 428 et

59 450 187 503 capta
213 447 423 503 quaedam
449 446 638 501 castella,
669 446 916 501 gloriaeque
943 448 986 487 et
1010 445 1195 501 praedae
1220 445 1420 488 nonnihil
1444 447 1631 501 partum,
1657 457 1680 488 5

59 507 96 550 si
135 508 210 550 aut
251 507 444 563 gloriam
470 520 567 548 cum
604 505 734 548 modo
772 507 848 547 aut
884 505 1087 560 praedam
1126 519 1222 547 cum
1259 519 1361 547 cura
1396 505 1631 548 habuisset.

58 566 306 623 longinquis
338 565 566 608 itineribus
592 564 881 620 percursando
908 579 1018 621 quae
1044 564 1232 607 obtineri
1256 564 1508 620 nequibant,
1539 579 1630 608 cor-

59 629 188 681 rupto
216 625 288 680 qui
314 627 464 680 captus
491 626 584 666 erat
609 626 850 667 commeatu
876 627 920 667 et
944 624 1134 666 instante
1159 624 1246 666 iam
1277 623 1430 679 hieme,
1459 624 1631 667 reduxit

60 684 295 727 exercitum
340 684 651 740 conposuitque
696 684 748 726 ad
788 682 1016 726 Caesarem
1060 683 1230 726 litteras
1275 683 1397 738 quasi
1435 683 1629 726 confecto

60 744 194 798 bello,
225 743 368 786 verbis
401 743 662 799 magnificis,
693 758 836 786 rerum
868 757 1038 786 vacuas.

177 802 358 845 Interim
404 800 593 845 Corbulo
643 817 876 858 numquam
920 803 1164 859 neglectam
1208 802 1446 858 Euphratis
1489 803 1670 857 ripam9

63 862 350 905 crebrioribus
387 862 612 917 praesidiis
650 862 825 917 insedit3
866 864 909 905 et
946 877 1000 905 ne
1035 862 1160 918 ponti
1197 862 1412 905 iniciendo
1451 861 1629 917 impedi-

60 924 253 964 mentum
284 921 468 964 hostiles
498 924 667 964 turmae
700 922 917 964 adferrent
951 921 1059 976 (iam
1090 922 1205 963 enim
1238 921 1440 964 subiectis
1467 921 1630 976 campis

58 994 219 1037 magna
265 981 404 1036 specie
447 980 728 1038 volitabant),
770 995 901 1023 naves
946 981 1242 1037 magnitudine
1278 982 1549 1036 praestantes
1589 984 1632 1023 et

60 1054 244 1083 conexas
281 1040 479 1083 trabibus
518 1054 567 1082 ac
598 1040 788 1082 turribus
825 1042 974 1082 auctas
1008 1041 1100 1096 agit
1129 1055 1205 1095 per
1238 1054 1408 1082 amnem
1441 1040 1630 1095 catapul-
1657 1051 1677 1084 5

57 1100 200 1155 tisque
237 1101 281 1142 et
318 1099 487 1142 balistis
523 1099 754 1154 proturbat
787 1099 1015 1155 barbaros,
1052 1100 1098 1141 in
1130 1114 1236 1155 quos
1270 1114 1374 1142 saxa
1404 1102 1448 1142 et
1478 1099 1630 1142 hastae

58 1159 231 1215 longius
262 1159 556 1213 permeabant,
588 1173 717 1214 quam
748 1161 798 1200 ut
828 1134 1045 1202 contrario
1079 1159 1338 1215 sagittarum
1363 1159 1481 1201 iactu
1507 1159 1631 1201 adae-

60 1220 306 1273 quarentur.
359 1218 454 1260 dein
488 1232 598 1273 pons
630 1218 906 1261 continuatus
940 1218 1155 1274 collesque
1189 1218 1357 1261 adversi
1388 1233 1465 1273 per
1491 1219 1631 1261 socias

60 1277 272 1332 cohortes,
302 1279 415 1332 post·
433 1277 653 1333 legionum
685 1278 839 1320 castris
871 1281 1149 1333 occupantur,
1180 1280 1304 1320 tanta
1336 1278 1555 1320 celeritate
1588 1280 1631 1320 et

61 1337 351 1379 ostentatione
377 1336 545 1391 virium,
570 1339 620 1379 ut
643 1336 796 1380 Parthi
823 1338 982 1380 omisso
1008 1340 1162 1393 paratu
1187 1337 1454 1380 invadendae
1482 1336 1630 1380 Suriae
1658 1349 1706 1381 10

62 1410 183 1451 spem
215 1410 387 1438 omnem
418 1396 464 1438 in
489 1396 742 1438 Armeniam
770 1399 1000 1452 verterent,
1030 1397 1107 1439 ubi
1131 1396 1288 1439 Paetus
1314 1397 1631 1439 imminentium

58 1455 228 1497 nescius
268 1455 465 1510 quintam
504 1455 718 1512 legionem
757 1457 907 1511 procul
947 1457 993 1498 in
1024 1456 1165 1499 Ponto
1198 1456 1404 1512 habebat,
1441 1457 1632 1512 reliquas

60 1514 290 1569 promiscis
322 1514 512 1556 militum
545 1516 857 1558 commeatibus
888 1516 1198 1571 infirmaverat,
1236 1516 1370 1558 donec
1403 1516 1632 1558 adventare

58 1572 307 1629 Vologesen
338 1587 498 1630 magno
531 1576 574 1616 et
604 1574 773 1617 infenso
807 1575 978 1631 agmine
1011 1575 1219 1618 auditum.

179 1633 356 1675 Accitur
391 1633 506 1689 legio
545 1634 827 1689 duodecuma,
864 1637 908 1677 et
937 1635 1048 1677 unde
1080 1635 1240 1677 famam
1273 1635 1388 1677 aucti
1421 1635 1631 1678 exercitus
1650 1637 1708 1679 10

61 1694 327 1747 speraverat,
365 1692 539 1747 prodita
570 1693 876 1750 infrequentia,
916 1708 1000 1749 qua
1030 1697 1178 1736 tamen
1208 1694 1385 1736 retineri
1418 1697 1558 1737 eastra
1591 1697 1634 1737 et

63 1846 109 1879 64
140 1844 249 1889 siyna
280 1854 324 1879 ac
354 1845 513 1880 tentoria
543 1845 701 1881 militum
728 1846 812 1891 iyne

61 1891 205 1926 caelesti
229 1901 358 1927 arsere.

111 1961 149 1997 8.
189 1965 221 1996 2.
253 1962 356 2007 rapit
386 1962 457 1998 wie
488 1966 519 2006 1,
547 1967 590 1998 56
618 1964 812 1999 ena-ercitum

61 2009 104 2044 in
118 2008 268 2045 Chattos
286 2010 399 2055 rapit.
426 2013 459 2054 4,
474 2013 519 2045 25
541 2012 650 2046 citato
669 2012 813 2057 aqmine

62 2067 191 2102 rapere
210 2057 378 2092 cohortes.
415 2057 463 2093 So
483 2058 544 2093 bei
560 2057 692 2104 Virgil,
713 2059 812 2094 dann

61 2103 142 2139 Liv.
169 2107 202 2149 2,
226 2107 271 2139 20
296 2105 506 2150 manipulos
530 2106 671 2151 aliquot
694 2117 811 2142 secum

61 2151 176 2196 rapit,
193 2132 262 2187 ’der
281 2152 378 2187 auch
399 2154 499 2198 sagt·
520 2153 670 2189 citatum
684 2165 811 2200 aymen

62 2209 198 2244 rapere.

112 2249 143 2282 7.
178 2247 432 2291 percursando
465 2248 558 2283 statt
575 2259 810 2293 percursam,

64 2293 135 2328 wie
162 2296 218 2338 14,
245 2297 288 2328 31
308 2304 428 2330 servos
446 2296 676 2340 appellando.
711 2301 743 2341 6,
764 2301 809 2333 38

62 2344 213 2376 mentem
238 2341 461 2385 obieetando,
487 2343 563 2378 und
590 2343 696 2379 oster.

111 2391 143 2423 8.
169 2388 290 2424 hieme.
329 2388 378 2424 Es
402 2389 452 2424 ist
477 2390 542 2425 der
563 2390 713 2426 Winter
737 2402 810 2428 von

65 2438 109 2470 62
135 2435 202 2470 auf
224 2439 280 2471 63.

112 2486 145 2518 9.
180 2483 288 2528 quasi
318 2483 388 2518 mit
413 2484 496 2519 dem
522 2485 688 2532 Particip
715 2487 812 2522 auch

63 2529 134 2575 ΚΡ.
163 2533 217 2565 10.
244 2534 278 2575 2,
303 2534 358 2566 63.
385 2535 419 2576 4,
440 2535 484 2567 23
510 2532 587 2567 und
612 2534 726 2569 schon
751 2534 812 2570 bei

0 2618 2 2620 v
67 2576 208 2613 Cicero.

114 2627 168 2660 10.
204 2635 342 2661 vacuus
366 2624 437 2660 mit
462 2625 547 2661 dem
574 2625 748 2673 Genetiv,
773 2628 813 2664 in

64 2670 183 2707 Prosa
206 2684 277 2707 nur
305 2672 402 2716 hier,
437 2672 526 2708 Sall.
553 2674 638 2720 Jug.
666 2678 710 2710 90
735 2676 813 2710 und

65 2730 119 2800 ξω
141 2718 366 2765 Sp’atlateim
392 2719 601 2757 ausserdem
622 2721 683 2757 bei
702 2722 812 2758 Dich-

84 2776 159 2801 ern.

115 2836 154 2872 9.
181 2841 212 2872 3.
239 2837 308 2874 Die
333 2838 465 2875 Worte
489 2839 658 2875 subiectis
685 2861 728 2865 —
754 2851 813 2876 vo-

64 2883 226 2921 litabant
234 2885 397 2932 konnen,
413 2898 521 2922 wenn
541 2898 627 2922 man
645 2887 815 2924 schlecht

883 1847 1034 1891 betont,
1061 1847 1117 1882 als
1144 1846 1203 1882 ein
1230 1847 1457 1882 Hexameter
1481 1847 1634 1893 gelesen

883 1894 1043 1930 werden.
1092 1893 1178 1940 Vgl.
1204 1907 1248 1929 zu
1275 1898 1308 1939 1,
1335 1898 1365 1929 1.
1662 1900 1665 1901 ’

932 1946 965 1978 4.
976 1952 1096 1977 naves.
1107 1941 1217 1977 Diese
1224 1942 1449 1987 Fahrzeuge,
1460 1942 1633 1978 schwim-

886 1989 1047 2024 menden
1058 1988 1271 2024 Batterieen
1290 1988 1562 2035 vergleichbar,
1580 1991 1632 2026 le·

884 2047 957 2081 gen
985 2036 1064 2071 sich
1088 2047 1156 2072 vor
1182 2037 1255 2072 den
1279 2035 1543 2082 Bn‘ickenbau‚
1569 2050 1634 2074 um

886 2083 946 2118 die
971 2083 1145 2119 Arbeiter
1170 2094 1290 2130 gegen
1315 2083 1375 2120 die
1404 2084 1633 2121 feindlichen

887 2130 1094 2167 Geschosse
1119 2144 1164 2166 zu
1190 2131 1346 2167 sichern.

933 2182 964 2214 6.
990 2179 1127 2223 hastae,
1154 2178 1278 2225 grosse
1303 2179 1541 2226 Wurfspeere
1566 2192 1633 2217 aus

884 2225 956 2261 den
981 2206 1209 2262 Maschinen.

933 2277 987 2310 10.
1033 2275 1224 2310 ostentatio
1267 2274 1537 2321 „“Entfaltung
1540 2304 1548 2311 .
1587 2297 1630 2302 —

880 2325 1039 2366 paratus
1064 2322 1160 2357 statt
1185 2325 1390 2367 apparatus
1417 2322 1488 2358 wie
1515 2327 1547 2367 3,
1575 2327 1632 2359 52.

885 2373 940 2414 13,
969 2373 1029 2415 17,
1060 2368 1122 2404 bei
1157 2368 1314 2412 Sallust,
1347 2369 1525 2405 Dichter-n
1558 2372 1634 2406 und

885 2415 1030 2461 Livius,
1075 2415 1213 2451 einmal
1257 2417 1352 2452 auch
1398 2416 1471 2453 Cic.
1509 2418 1572 2453 fin.
1611 2422 1631 2453 5

886 2467 916 2506 ἓ·
936 2467 1000 2546 313.
1029 2511 1199 2546 auditum
1235 2510 1307 2546 mit
1336 2510 1468 2547 Accus.
1503 2523 1533 2548 c.
1566 2511 1632 2548 inf.

884 2558 971 2604 Vgl.
998 2562 1031 2602 4,
1059 2562 1102 2594 55
1131 2559 1374 2605 Peryamenos
1403 2561 1494 2595 satis
1524 2561 1633 2606 adep-

885 2608 940 2641 tos
965 2607 1151 2642 creditum.

934 2700 996 2736 10.
1031 2705 1061 2737 1.
1088 2701 1196 2737 Nach
1214 2702 1285 2738 Dio
1310 2703 1413 2738 ward
1431 2703 1568 2738 Paetus
1594 2702 1634 2738 in

881 2744 1055 2784 Ράνδεια
1093 2760 1153 2784 am
1186 2750 1379 2794 Arsanias,
1418 2750 1634 2786 Nebenflufs

886 2795 951 2877 {les
973 2795 1154 2878 zaphat,
1180 2808 1254 2833 von
1278 2797 1350 2833 den
1368 2798 1550 2834 Parthern
1569 2798 1633 2834 be-

902 2852 990 2887 ager
1011 2871 1018 2878 .

935 2893 967 2925 2.
993 2891 1251 2938 infrequentia.
1286 2893 1397 2939 Jetzt,
1423 2904 1480 2929 wo
1500 2904 1540 2929 er
1559 2894 1633 2929 alle

1659 755 1706 788 10
