1768 3120
584 106 731 143 LIBER
754 106 781 143 1.
831 106 934 144 GAP.
961 111 1112 143 29--31.
1574 107 1626 150 61

73 233 191 260 mum
223 219 386 271 octava,
411 215 509 258 dein
535 215 685 271 quinta
715 214 893 257 decuma
924 215 1039 271 legio
1065 215 1246 270 rediere3
1278 230 1474 257 nonanus
1500 230 1631 271 oppe-

73 276 246 319 riendas
276 275 438 318 Tiberii
469 275 674 331 epistulas
707 274 1021 329 clamitaverat,
1062 289 1163 317 mox
1194 274 1412 317 desolatus
1446 274 1632 317 aliorum

71 335 333 380 discessione
352 334 634 377 inminentem
646 333 949 376 necessitatem
963 338 1118 390 sponte
1138 334 1376 389 praevenit.
1407 336 1451 376 et
1464 333 1632 376 Drusus

71 409 160 438 non
190 397 436 450 exspectato
468 393 712 449 legatorum
743 407 956 448 regressu,
987 394 1088 449 quia
1119 394 1364 448 praesentia
1395 393 1501 435 satis
1533 408 1632 436 con-

68 454 271 507 siderant,
301 454 347 495 in
377 454 526 495 urbem
557 452 698 495 rediit.

191 513 331 555 Isdem
373 513 508 555 ferme
550 512 701 554 diebus
745 511 883 554 isdem
927 512 1067 554 causis
1115 510 1397 555 Germanicae
1440 512 1632 568 legiones
1647 507 1701 549 31

71 572 290 627 turbatae,
329 575 492 628 quanto
522 572 685 628 plures,
722 573 845 614 tanto
876 571 1105 614 violentius
1150 576 1193 614 et
1229 586 1388 628 magna
1427 586 1502 627 spe
1539 571 1632 613 fore

70 634 122 675 ut
152 630 433 675 Germanicus
465 630 624 675 Caesar
660 631 888 687 imperium
921 631 1098 673 alterius
1137 631 1232 686 pati
1262 632 1462 688 nequiret
1493 631 1633 673 daret-

74 705 154 747 que
192 706 237 733 se
274 691 518 748 legionibus
556 692 599 733 vi
638 705 716 733 sua
753 693 908 733 cuncta
944 691 1162 733 tracturis.

1230 690 1314 734 duo
1347 691 1463 746 apud
1493 690 1634 746 ripam

70 750 450 797 Rheniexercitus
477 753 619 805 erant3
646 751 714 792 cui
742 764 896 793 nomen
924 751 1148 806 superiori,
1174 750 1254 792 sub
1275 749 1321 794 C.
1342 749 1448 793 Silio
1474 750 1669 806 legato,5

71 810 318 853 inferiorem
358 811 410 853 A.
449 809 633 853 Caecina
676 810 869 852 curabat.

38 892 41 900 ·
72 868 396 924 Germanicum,
440 869 605 925 agendo
651 868 889 911 Galliarum
932 870 1078 911 censui
1120 874 1213 911 tum
1255 870 1480 912 intentum.

942 810 1136 865 regimen
1175 825 1366 852 summae
1404 810 1466 852 rei
1502 824 1634 866 penes

1561 869 1635 912 sed

72 929 227 984 quibus
253 927 385 971 Silius
411 929 727 984 moderabatur,
759 931 901 971 mente
927 928 1131 984 ambigua
1156 929 1374 971 fortunam
1409 929 1634 972 seditionis

73 988 238 1030 alienae
262 988 616 1043 speculabantur:
641 988 859 1031 inferioris
886 989 1095 1030 exercitus
1124 988 1250 1030 miles
1276 989 1322 1031 in
1346 988 1510 1031 rabiem
1535 1003 1633 1044 pro-

73 1048 219 1103 lapsus
264 1051 348 1101 est,
388 1050 484 1090 orto
525 1048 580 1090 ab
620 1048 1027 1090 unetvicensimanis
1068 1047 1371 1104 quintanisque
1405 1048 1550 1102 initio,
1593 1050 1637 1090 et
1652 1058 1695 1090 10

73 1108 227 1149 tractis
270 1107 410 1162 prima
454 1122 622 1163 quoque
661 1121 711 1149 ac
754 1107 991 1150 vicensima
1033 1107 1290 1162 legionibus.

1362 1122 1463 1149 nam
1499 1107 1637 1149 isdem

73 1166 250 1208 aestivis
287 1167 331 1208 in
373 1166 530 1209 finibus
568 1166 779 1210 Ubiorum
816 1166 1088 1208 habebantur
1123 1181 1200 1221 per
1236 1167 1373 1209 otium
1411 1168 1487 1208 aut
1524 1166 1637 1209 levia

77 1226 236 1267 munia.

297 1225 432 1281 igitur
464 1226 611 1268 audito
642 1226 728 1268 fine
758 1224 946 1283 Augusti
976 1226 1206 1268 vernacula
1237 1226 1468 1269 multitudo
1501 1240 1638 1281 nuper

73 1287 170 1327 acto
202 1284 248 1326 in
279 1285 384 1327 urbe
416 1284 591 1340 dilectu,
630 1285 831 1327 lasciviae
864 1287 1003 1341 sueta,
1043 1285 1242 1328 laborum
1272 1286 1528 1340 intolerans,
1559 1285 1636 1327 im-

76 1344 194 1399 plere
238 1346 475 1386 ceterorum
520 1344 646 1387 rudes
685 1345 870 1387 animos:
914 1345 1082 1387 venisse
1119 1347 1290 1400 tempus
1328 1359 1412 1400 quo
1442 1345 1637 1387 veterani
1653 1355 1695 1387 15

75 1406 291 1446 maturam
325 1403 583 1458 missionem,
608 1403 783 1446 iuvenes
809 1403 1000 1460 largiora
1031 1404 1257 1459 stipendia,
1288 1404 1431 1446 cuncti
1461 1404 1634 1447 modum

0 1474 13 1488 ³*
75 1463 345 1505 miseriarum
365 1466 647 1518 exposcerent
666 1463 976 1519 saevitiamque
997 1464 1294 1506 centurionum
1319 1464 1638 1506 ulciscerentur.

74 1536 162 1564 non
191 1537 301 1564 unus
332 1521 456 1577 haec,
494 1525 544 1565 ut
573 1522 845 1565 Pannonicas
877 1524 989 1566 inter
1020 1523 1213 1580 legiones
1245 1523 1524 1578 Percennius,
1560 1538 1638 1566 nec

75 1581 188 1636 apud
219 1581 408 1636 trepidas
450 1582 636 1624 militum
673 1597 814 1634 aures,
857 1583 965 1625 alios
997 1583 1227 1626 validiores
1261 1582 1471 1625 exercitus
1502 1583 1635 1638 respi-

74 1641 297 1696 cientium,
341 1641 414 1683 sed
458 1641 595 1684 multa
638 1641 862 1685 seditionis
906 1657 983 1685 ora
1022 1657 1254 1698 vocesque:
1298 1657 1376 1685 sua
1418 1643 1464 1685 in
1506 1657 1637 1684 manu
1654 1659 1697 1691 20

124 1795 180 1827 11.
216 1803 404 1835 nonanus,
442 1792 710 1830 kollektivisch
747 1794 817 1830 wie

71 1840 184 1876 miles.

124 1890 178 1923 12.
195 1888 370 1933 epistulas
385 1888 480 1924 statt
494 1889 697 1934 epistulam,
722 1889 819 1924 nach

76 1935 258 1980 Analogie
284 1946 358 1970 von
382 1936 544 1979 litterae,
576 1937 653 1971 erst
676 1937 729 1971 im
754 1935 819 1971 sil-

74 1981 215 2017 bernen
239 1982 382 2018 Latein.
408 1983 569 2018 desolare
593 1984 690 2018 noch
715 1983 821 2019 nicht

77 2029 117 2064 in
141 2028 367 2064 klassischer
385 2030 510 2074 Prosa,
537 2030 633 2066 doch
658 2030 719 2066 bei
743 2031 820 2065 Vir-

107 2076 146 2112 il.
197 2077 356 2112 aliorum
375 2078 468 2112 statt
491 2078 711 2123 reliquorum
730 2078 820 2123 (τῶν

80 2125 216 2168 αλλων)
237 2125 332 2159 auch
345 2127 379 2168 4,
393 2127 450 2160 48.
471 2128 503 2168 5,
524 2129 556 2160 3.
578 2129 610 2169 6,
630 2129 686 2161 33.
711 2125 822 2161 Fehlt

83 2170 144 2207 bei
171 2171 315 2216 Cicero;
349 2172 443 2207 doch
475 2172 591 2208 sehon
616 2173 697 2208 Cas.
724 2173 758 2208 b.
785 2184 820 2218 g.

78 2221 120 2263 1,
152 2223 196 2253 41
238 2230 282 2255 ea·
313 2220 399 2255 aliis
432 2221 466 2255 ei
493 2221 693 2256 maximam
715 2221 824 2265 fldem

80 2266 242 2302 habebat.
291 2267 397 2302 Auch
424 2266 565 2303 Sallust
589 2268 665 2303 und
690 2268 821 2303 beson-

79 2313 162 2349 ders
187 2314 326 2350 Livius.

128 2370 183 2403 14.
215 2368 447 2404 considerant
472 2385 516 2398 =
543 2369 673 2404 sedata
704 2370 820 2405 erant.

0 2426 11 2462 ξ,
79 2413 202 2450 Schon
241 2414 368 2451 Cicero
403 2416 504 2460 sagt:
547 2417 672 2460 furor,
710 2417 823 2452 ardor

0 2467 14 2511 ’ῥ’
79 2463 196 2497 animi
220 2463 386 2498 considit.
435 2462 505 2499 Die
530 2463 641 2499 Form
666 2463 737 2499 wie
762 2462 823 2499 bei

79 2509 158 2544 Liv.
184 2513 217 2553 9,
243 2514 300 2555 37,
326 2514 358 2547 7.
384 2513 440 2555 28,
468 2514 521 2553 12,
548 2514 603 2547 15.

0 2558 21 2651 ξ’
79 2608 280 2663 Legionen,
294 2611 361 2645 das
374 2609 516 2656 grosste
527 2612 603 2647 und
616 2613 823 2657 tuchtigste

126 2561 260 2598 31.2.

292 2564 430 2608 plures.
493 2563 542 2599 Es
578 2575 702 2600 waren
736 2564 824 2600 acht

0 2684 11 2694 ,
79 2655 179 2692 Heer
202 2657 255 2691 im
278 2657 427 2694 Reiche.
482 2658 528 2693 Je
554 2659 634 2694 vier
667 2660 823 2695 standen

0 2715 17 2835 if
81 2796 168 2834 Krie
172 2798 331 2844 geschau
333 2799 456 2845 platze
483 2801 627 2846 thatig,
650 2801 745 2837 wit-d
772 2801 824 2836 im

0 2843 19 2866 '⁶²³
81 2844 114 2880 J.
146 2849 192 2881 24
224 2812 357 2882 durchp
379 2847 534 2892 Sejanus
568 2860 651 2883 zum
686 2848 824 2884 Selbst-

0 2879 34 2961 ξ
81 2893 209 2929 morde
234 2893 436 2940 gettieben.
494 2894 649 2931 Caecina
679 2895 827 2942 schlagt

0 2967 21 3043 3}

5 3075 24 3120 ,ἑ

83 2714 146 2739 am
171 2705 308 2740 oberen
332 2705 408 2740 und
432 2706 589 2741 unteren
614 2706 745 2742 Rhein.

128 2754 161 2787 5.
181 2751 311 2796 Salius,
330 2753 426 2788 auch
445 2755 572 2798 spater
591 2754 660 2789 auf
682 2754 823 2790 diesem

890 1794 942 1829 im
973 1793 1174 1840 folgenden
1199 1795 1313 1831 Jahre
1345 1795 1416 1830 den
1448 1793 1637 1830 Arminius

892 1842 964 1887 (cp.
998 1842 1057 1887 68)
1094 1842 1170 1877 und
1202 1843 1325 1878 erhalt
1356 1842 1417 1877 die
1448 1842 1639 1888 Insignien

891 1890 956 1925 des
982 1889 1215 1935 Triumphes.

940 1946 972 1978 6.
998 1943 1164 1986 curabat,
1190 1955 1217 1978 s.
1242 1955 1288 1978 zu
1314 1947 1347 1987 6,
1373 1947 1430 1979 30.

941 2005 973 2036 7.
999 2002 1161 2037 intentus
1185 2001 1256 2037 mit
1282 2002 1366 2037 dem
1392 2002 1476 2037 Dat.
1503 2013 1638 2047 gerun-

894 2047 989 2092 divi,
1014 2048 1084 2084 wie
1110 2053 1147 2094 2,
1175 2053 1207 2084 5.
1235 2049 1316 2085 Liv.
1341 2053 1405 2094 23,
1432 2053 1477 2084 35
1508 2050 1641 2093 fraudi

892 2097 1094 2133 struendae.

944 2158 999 2190 10.
1026 2159 1104 2191 orto
1128 2157 1249 2192 initio.
1277 2156 1452 2192 Derselbe
1466 2156 1640 2193 Pleonas-

895 2214 976 2238 mus
1002 2203 1097 2238 auch
1118 2207 1198 2247 2,1
1225 2205 1334 2240 initio
1359 2206 1462 2250 apud
1485 2203 1641 2240 Parthos

896 2253 984 2285 orto.
1011 2250 1098 2286 hist.
1128 2256 1165 2295 1,
1192 2255 1248 2287 39.
1277 2256 1310 2288 3.
1338 2255 1392 2290 14.
1419 2256 1476 2288 41.
1503 2251 1577 2288 Cic.
1603 2264 1639 2298 p.

897 2295 1041 2380 gltuent.
1067 2302 1098 2342 ξ.
1121 2279 1189 2334 180
1208 2299 1273 2336 hoc
1291 2300 1400 2336 initio
1419 2301 1643 2347 suspicionis

953 2355 975 2380 o

944 2402 999 2434 12.
1020 2398 1207 2445 Ubiorum,
1223 2400 1323 2436 beim
1342 2400 1520 2446 heutigen
1531 2401 1640 2436 Κὸ111.

943 2461 996 2493 13.
1023 2460 1231 2495 vernacula.
1270 2459 1340 2495 Dio
1361 2464 1417 2504 57,
1439 2464 1460 2495 5
1480 2459 1545 2494 καὶ
1570 2458 1641 2518 γὰρ

895 2501 938 2540 ἐκ
968 2506 1035 2541 τοῦ
1074 2502 1229 2542 ἀστικοῦ
1262 2504 1393 2552 ὄχλου,
1418 2520 1491 2565 ,ους
1522 2505 1542 2542 ὁ
1567 2505 1642 2542 Αὔ-

895 2564 1050 2597 γουστος
1073 2552 1166 2598 μετὰ
1191 2551 1260 2598 τὴν
1285 2555 1351 2589 τοῦ
1374 2551 1527 2614 Ο-υάρου
1554 2566 1642 2601 συμ-

897 2598 1023 2655 φορὰν
1059 2599 1371 2646 προσκατέλεξεν,
1418 2599 1457 2636 οἷ
1490 2603 1642 2643 πλείους

895 2642 1004 2692 ἦσαν.
1034 2647 1115 2683 Von
1134 2649 1207 2683 den
1226 2648 1306 2684 drei
1333 2648 1403 2684 mit
1422 2649 1541 2684 Varus
1561 2661 1640 2685 ver-

895 2694 1049 2730 lorenen
1084 2695 1273 2741 Legionen
1310 2696 1416 2732 hatte
1449 2697 1640 2742 Augustus

897 2753 965 2777 nur
990 2742 1081 2777 zwei
1106 2743 1250 2778 ersetzt.

945 2805 998 2836 20.
1027 2812 1103 2844 ora,
1131 2801 1213 2837 eine
1237 2801 1546 2838 Personifikation
1570 2803 1641 2839 wie

897 2848 984 2883 hist.
1013 2851 1052 2894 1,
1080 2852 1122 2882 17
1149 2850 1429 2887 circumsteterat
1453 2851 1642 2888 Palatium

893 2896 1046 2942 publica
1071 2898 1296 2942 exspectatio.
