1806 3120
569 101 716 139 LIBER
733 102 796 140 111.
839 100 944 138 CAP.
970 105 1123 138 28—30.
1556 100 1643 144 167

73 212 192 270 quod
223 225 406 266 usquam
437 210 596 253 civium
627 210 940 265 corripuerant,
971 210 1289 265 multorumque
1322 209 1454 251 excisi
1486 211 1640 252 status.

72 275 120 314 et
151 273 290 313 terror
321 270 520 313 omnibus
551 269 862 323 intentabatur,
886 269 933 310 ni
957 267 1155 310 Tiberius
1189 268 1417 310 statuendo
1449 268 1638 310 remedio

72 330 263 385 quinque
303 328 614 383 consularium,
652 328 840 384 quinque
880 342 903 370 e
938 327 1187 382 praetoriis,
1227 327 1411 369 totidem
1442 342 1464 369 e
1497 329 1638 369 cetero

71 390 228 431 senatu
260 390 376 431 sorte
401 387 605 441 duxisset,
637 386 750 442 apud
781 401 890 443 quos
922 387 1110 429 exsoluti
1140 387 1331 442 plerique
1362 386 1473 442 legis
1504 399 1639 429 nexus
1666 396 1711 428 15

72 447 292 489 modicum
322 447 366 488 in
397 460 602 502 praesens
633 446 923 488 levamentum
954 445 1086 488 fuere.

193 505 275 548 Per
322 505 437 547 idem
485 507 656 561 tempus
699 503 918 547 Neronem
968 519 990 546 e
1040 504 1187 547 liberis
1238 503 1502 559 Germanici,
1550 504 1639 546 iam
1653 503 1710 546 29

70 565 315 620 ingressum
363 564 602 619 iuventam,
651 563 971 606 commendavit
1017 564 1235 619 patribus,
1285 566 1418 619 utque
1461 577 1638 606 munere

69 623 324 678 capessendi
360 623 687 679 vigintiviratus
727 623 969 666 solveretur
1011 626 1055 665 et
1091 623 1387 679 quinquennio
1424 622 1639 665 maturius

69 697 203 738 quam
241 697 318 737 per
360 682 478 738 leges
517 686 794 738 quaesturam
833 684 1020 737 peteret,
1056 696 1144 724 non
1177 684 1268 724 sine
1299 682 1437 724 inrisu
1469 682 1640 724 audien-

70 741 181 783 tium
212 741 464 796 postulavit.
513 741 827 796 praetendebat
858 741 944 784 sibi
976 744 1103 796 atque
1135 741 1261 784 fratri
1286 741 1456 784 decreta
1488 740 1638 784 eadem
1663 750 1686 783 5

70 802 246 855 petente
276 799 488 856 Augusto.
550 800 624 843 sed
654 815 794 855 neque
825 803 919 843 tum
951 800 1083 842 fuisse
1115 800 1415 856 dubitaverim,
1446 800 1521 855 qui
1547 800 1638 842 eius

68 858 188 901 modi
217 874 365 914 preces
397 860 553 902 occulti
582 859 846 902 inluderent:
878 874 929 902 ac
958 862 1106 901 tamen
1137 859 1265 902 initia
1289 859 1459 915 fastigii
1484 857 1640 902 Caesa·

70 918 192 960 ribus
230 922 354 960 erant
390 920 614 974 magisque
650 918 696 960 in
737 918 872 961 oculis
911 921 1034 960 vetus
1072 933 1185 970 mos,
1224 922 1266 961 et
1296 918 1509 974 privignis
1542 932 1638 960 cum

69 976 224 1019 vitrico
251 978 388 1020 levior
405 977 679 1020 necessitudo
699 992 829 1033 quam
849 992 930 1020 avo
957 977 1183 1020 adversum
1210 979 1428 1032 nepotem.
1465 976 1639 1019 additur

67 1036 348 1091 pontificatus
374 1039 418 1078 et
442 1051 527 1092 quo
552 1036 741 1092 primum
767 1036 835 1078 die
858 1036 1002 1078 forum
1028 1037 1250 1091 ingressus
1278 1039 1345 1079 est
1368 1036 1637 1093 congiarium
1667 1039 1710 1072 10

66 1094 186 1150 plebi
217 1095 448 1137 admodum
480 1096 640 1150 laetae,
671 1095 786 1150 quod
818 1094 1062 1138 Germanici
1094 1096 1275 1151 stirpem
1312 1096 1398 1138 iam
1429 1096 1639 1150 puberem

66 1153 319 1208 aspiciebat.
387 1157 561 1197 auctum
593 1154 746 1196 dehinc
777 1154 982 1210 gaudium
1012 1155 1178 1210 nuptiis
1209 1153 1396 1197 Neronis
1428 1157 1471 1197 et
1499 1153 1638 1197 Iuliae

67 1211 200 1254 Drusi
230 1212 359 1255 filiae.
426 1217 558 1269 utque
589 1213 696 1255 haec
728 1213 912 1256 secundo
943 1228 1128 1268 rumore,
1157 1214 1222 1256 ita
1253 1213 1445 1256 adversis
1478 1213 1636 1256 animis

66 1274 306 1326 acceptum,
332 1272 445 1327 quod
470 1272 561 1314 filio
588 1271 757 1314 Claudii
793 1287 915 1315 socer
941 1271 1122 1315 Seianus
1149 1273 1450 1315 destinaretur.
1498 1272 1637 1327 pollu-

63 1329 151 1372 isse
183 1330 460 1372 nobilitatem
497 1331 691 1373 familiae
722 1331 950 1374 videbatur
991 1334 1323 1387 suspectumque
1355 1332 1444 1374 iam
1474 1331 1636 1373 nimiae
1656 1342 1700 1374 15

1 1401 7 1403 ’
65 1390 159 1443 spei
192 1388 394 1431 Seianum
426 1390 541 1432 ultra
572 1390 790 1433 extulisse.

183 1447 289 1490 Fine
333 1450 437 1490 anni
481 1463 727 1491 concessere
764 1449 854 1491 vita
896 1449 1091 1505 insignes
1134 1449 1218 1492 viri
1255 1449 1301 1491 L.
1333 1449 1541 1491 Volusius
1586 1452 1631 1492 et
1644 1449 1703 1491 30

63 1504 296 1549 Sallustius
329 1506 519 1564 Crispus.
580 1507 763 1550 Volusio
794 1510 919 1550 vetus
957 1508 1125 1551 familia
1160 1523 1301 1564 neque
1331 1511 1480 1551 tamen
1510 1523 1632 1564 prae-

62 1567 206 1608 turam
231 1580 421 1622 egressa:
447 1567 539 1623 ipse
559 1567 835 1610 consulatum
860 1567 1020 1620 intulit,
1042 1567 1237 1610 censoria
1257 1567 1390 1610 etiam
1417 1570 1634 1623 potestate

64 1624 256 1681 legendis
295 1626 490 1680 equitum
522 1626 703 1668 decuriis
734 1626 930 1681 functus,
969 1641 1203 1682 opumque,
1241 1627 1340 1682 quis
1373 1627 1524 1670 domus
1555 1627 1634 1669 illa

114 1743 168 1776 15.
219 1741 307 1786 leyis
336 1752 454 1777 nessus
478 1741 571 1786 „die
602 1742 720 1778 durch
745 1742 811 1778 das

64 1787 198 1823 Gesetz
223 1791 423 1834 erzeugten
443 1788 811 1835 Verwickelungen“.

113 1834 177 1870 29.
204 1839 236 1870 3.
280 1836 557 1882 vigintiviratus
574 1836 626 1872 ist
644 1837 726 1872 eine
746 1848 810 1881 ge-

62 1881 205 1916 nerelle
242 1882 502 1928 Bezeichnung
543 1882 603 1917 fiir
646 1884 812 1928 zwanzig

66 1928 220 1963 Beamte
229 1928 269 1963 in
281 1929 482 1975 folgenden
491 1928 572 1965 vier
581 1930 811 1966 stadtischen

935 1746 989 1778 10.
1014 1754 1084 1788 quo
1103 1744 1171 1779 die.
1210 1742 1318 1778 Nach
1338 1742 1441 1779 einer
1458 1742 1636 1780 Inschrift

883 1801 962 1825 war
986 1802 1025 1826 es
1052 1790 1118 1826 der
1144 1795 1175 1826 7.
1201 1790 1300 1826 Juni.

933 1847 987 1879 12.
1022 1843 1131 1879 Diese
1151 1844 1262 1879 Juzia
1281 1843 1446 1879 heiratet
1462 1844 1516 1879 im
1533 1844 1566 1879 J.
1588 1847 1634 1879 33

883 1890 954 1925 den
976 1890 1170 1926 Rubellius
1189 1891 1354 1925 Blandus
1374 1891 1451 1926 und
1465 1891 1559 1926 wird
1579 1890 1632 1926 im

881 1936 914 1971 J.
926 1940 973 1971 44
986 1937 1103 1972 durch
1116 1937 1316 1974 Messalina
1335 1948 1401 1973 aus
1416 1937 1633 1973 Eifersucht

67 1975 387 2020 Unterbehorden,
407 1988 452 2011 zu
471 1976 583 2012 deren
603 1977 705 2012 einer
723 1988 811 2012 man

63 2033 132 2057 vor
183 2022 250 2057 der
293 2022 456 2066 Questur
503 2023 639 2069 gehort
686 2023 810 2059 haben

62 2068 199 2104 musste
217 2083 226 2104 ε
243 2070 430 2106 triumviri
453 2072 658 2115 monetales,
682 2072 810 2106 trium-

62 2117 138 2152 viri
162 2117 356 2161 capitales,
387 2119 635 2163 quattuorviri
664 2119 811 2154 viarum

64 2164 326 2208 curandarum,
352 2165 545 2200 decemviri
568 2166 728 2201 stlitibus
752 2166 810 2200 iu-

63 2211 245 2246 dicandis.
274 2211 334 2247 Sie
349 2211 485 2248 sollten
494 2211 568 2247 alle
579 2212 660 2248 dem
670 2212 809 2247 Ritter-

62 2258 196 2293 eta-nde
223 2259 449 2304 angehoren.
477 2279 522 2285 —
547 2260 808 2305 quinquennio.

63 2303 134 2340 Die
154 2305 317 2348 Qu'astur
340 2306 482 2342 konnte
501 2317 588 2342 man
608 2308 710 2342 sonet
733 2307 811 2343 erst

3 2363 9 2365 “
61 2351 114 2386 im
138 2356 195 2388 25.
220 2352 471 2399 Lebensjahre
498 2353 688 2400 erlangen.

111 2402 145 2435 5.
169 2400 243 2435 sibi
260 2400 313 2435 im
326 2399 357 2436 J.
374 2404 434 2445 243
449 2401 565 2445 fratri
583 2400 607 2436 i.
629 2412 660 2437 e.
675 2400 807 2445 Druso,

0 2473 2 2477 .
63 2449 108 2481 19
133 2458 167 2481 v.
194 2446 278 2482 Chr.

0 2515 2 2542 J
110 2497 142 2529 6.
185 2504 299 2540 neque
315 2495 568 2531 dubitaverim.
611 2486 713 2530 fiber
737 2495 810 2531 den

0 2571 2 2573 ,
60 2538 227 2576 Infinitiv
257 2542 353 2576 nach
386 2541 459 2576 den
489 2543 690 2588 negativen
716 2544 809 2577 Aus-

61 2587 228 2623 drficken
253 2588 318 2624 dee
342 2588 510 2625 Zweifels
534 2602 561 2625 s.
581 2590 679 2625 Einl.
699 2593 730 2632 ξ.
750 2592 808 2626 80.

60 2644 173 2680 neque
197 2635 317 2679 „auch
342 2636 481 2672 nicht“.

110 2685 143 2717 9.
178 2683 368 2718 adversum
384 2683 634 2729 „gegem'iber,
652 2683 704 2719 im
724 2684 808 2719 Ver-

61 2725 204 2764 haltnis
227 2741 273 2764 zu
284 2730 307 2749 ‘⁴
332 2730 403 2767 wie
427 2731 514 2766 hist.
543 2735 574 2775 1,
601 2735 646 2766 66
665 2731 808 2776 pactio-

61 2775 172 2812 nibus
205 2777 378 2813 adversus
401 2788 633 2823 possessores.
683 2778 806 2814 Germ.

62 2825 109 2856 23
141 2824 315 2859 adversus
348 2825 448 2860 sitim
472 2836 547 2861 non
578 2826 699 2862 eadem
724 2829 807 2860 tem-

56 2870 242 2913 perantia.

881 1985 1037 2029 getotet.

931 2039 986 2072 14.
1012 2038 1090 2080 filio
1109 2037 1272 2074 Claudii.
1306 2037 1357 2072 Er
1372 2037 1469 2073 hiess
1488 2038 1629 2074 Drusus

881 2084 958 2119 und
984 2085 1084 2120 starb
1106 2085 1221 2130 jung,
1247 2085 1363 2121 bevor
1386 2085 1448 2120 die
1474 2084 1632 2121 Verbin-

882 2132 985 2175 dung
1010 2132 1189 2167 zustande
1214 2133 1313 2168 kam.

932 2194 986 2226 15.
1036 2194 1222 2236 suspectus
1251 2192 1322 2227 mit
1354 2191 1439 2227 dem
1471 2191 1632 2228 Genetiv

881 2240 976 2274 auch
1003 2249 1059 2282 cp.
1082 2241 1136 2275 60.
1166 2242 1221 2283 13,
1242 2242 1276 2274 9.
1321 2239 1450 2275 Zuerst
1468 2239 1530 2275 bei
1548 2239 1628 2276 Liv.

881 2289 947 2329 24,
972 2289 993 2321 9
1019 2286 1235 2330 cupiditatis
1258 2287 1416 2331 imperii.
1467 2285 1568 2324 Curt.
1594 2291 1631 2334 8,

881 2336 914 2376 6,
942 2336 960 2367 1
987 2334 1245 2369 contumaciae.
1289 2333 1413 2369 Justin
1438 2337 1471 2379 5,
1497 2338 1518 2369 9
1542 2346 1630 2380 pro-

879 2380 1042 2417 ditionis.

930 2436 985 2468 16.
1035 2433 1135 2469 ultra
1153 2434 1276 2478 „noch
1301 2434 1467 2470 weiter“.

927 2485 1052 2568 331313.
1103 2487 1333 2522 consulatum
1357 2490 1415 2523 ctt.
1443 2486 1496 2522 im
1520 2488 1554 2524 J.
1584 2491 1627 2523 12

879 2544 914 2568 v.
1017 2561 1025 2568 .

929 2594 963 2626 4.
1012 2592 1180 2628 decuriis.
1224 2592 1442 2638 Diejenigen
1462 2592 1628 2638 Richter,

881 2638 1022 2674 welche
1059 2650 1125 2674 aus
1160 2639 1245 2675 dem
1277 2639 1532 2676 Ritterstande
1564 2652 1630 2686 ge-

880 2696 1056 2721 nommen
1085 2686 1256 2731 wurden,
1283 2697 1409 2722 waren
1438 2686 1479 2722 in
1503 2687 1628 2723 Deku-

880 2732 961 2767 rien
985 2732 1129 2778 geteilt.
1164 2733 1344 2779 Dagegen
1354 2733 1524 2770 versteht
1542 2746 1630 2771 man

880 2780 990 2815 unter
1037 2779 1353 2816 Rittercenturien
1401 2780 1626 2828 diejenigen,

878 2826 1020 2862 welche
1055 2827 1115 2863 ein
1147 2826 1381 2873 Staatspferd
1412 2830 1538 2875 (quus
1554 2840 1628 2875 pu-

879 2873 1008 2919 blicus)
1033 2874 1175 2911 hatten.
