1794 3126
119 252 178 295 38

122 1785 179 1827 39

195 142 282 184 194

624 140 855 178 CORNELII
881 141 1046 178 TACITI
1070 141 1334 179 ANNALIUM

313 248 515 306 Sequitur
558 250 717 304 clades,
761 249 871 292 forte
916 264 971 292 an
1014 250 1112 292 dolo
1150 250 1359 306 principis
1395 252 1605 296 incertum
1645 251 1766 310 (nam

192 310 421 364 utrumque
454 311 650 351 auctores
681 307 939 365 prodidere),
972 309 1046 351 sed
1078 309 1279 351 omnibus
1306 324 1416 365 quae
1440 311 1540 355 huic
1563 312 1662 354 urbi
1686 327 1768 368 per

193 368 444 411 violentiam
481 368 647 423 ignium
685 368 932 410 acciderunt
962 368 1136 424 gravior
1169 370 1297 423 atque
1331 370 1529 412 atrocior.
1589 371 1766 414 initium

192 428 239 469 in
283 441 334 469 ea
376 428 498 482 parte
541 426 642 469 circi
686 429 848 481 ortum,
892 441 1000 481 quae
1036 426 1236 469 Palatino
1275 425 1504 484 Caelioque
1545 429 1769 473 montibus

145 497 167 530 5
193 486 397 542 contigua
428 487 513 540 est,
544 485 619 527 ubi
650 499 727 539 per
756 485 972 539 tabernas,
1004 485 1160 540 quibus
1191 486 1235 527 id
1267 487 1595 530 mercimonium
1625 489 1767 531 inerat

193 560 278 601 quo
314 545 489 586 flamma
526 544 672 598 alitur,
711 544 839 585 simul
876 546 1054 610 coeptus
1091 544 1205 599 ignis
1243 548 1287 587 et
1325 546 1473 588 statim
1511 546 1679 590 validus
1715 561 1765 591 ac

191 606 322 647 vento
361 603 470 644 citus
509 602 825 657 longitudinem
863 602 966 644 circi
1003 603 1218 658 corripuit.
1281 618 1419 659 neque
1458 605 1573 648 enim
1611 605 1766 649 domus

191 661 474 704 munimentis
519 663 692 715 saeptae
734 661 802 702 vel
848 661 1012 715 templa
1047 661 1181 703 muris
1218 662 1357 704 cincta
1395 666 1471 705 aut
1508 664 1610 720 quid
1649 664 1766 708 aliud

192 734 337 764 morae
369 719 665 762 interiacebat.
725 719 890 773 impetu
921 722 1204 775 pervagatum
1236 721 1479 764 incendium
1510 723 1644 777 plana
1679 724 1766 780 pri-

123 792 168 824 10
194 795 324 834 mum,
356 778 509 820 deinde
540 778 587 820 in
618 778 734 820 edita
766 777 1003 833 adsurgens
1037 781 1079 820 et
1106 793 1253 821 rursus
1277 780 1480 823 inferiora
1504 782 1770 837 populando,

195 838 352 882 anteiit
382 837 571 880 remedia
602 837 831 880 velocitate
860 837 964 878 mali
991 839 1034 878 et
1059 837 1246 880 obnoxia
1270 839 1375 880 urbe
1401 840 1507 882 artis
1532 840 1767 884 itineribus

192 899 362 953 hucque
391 899 435 939 et
459 896 562 938 illuc
587 896 707 938 flexis
735 898 863 951 atque
889 896 1137 938 enormibus
1163 896 1280 952 vicis,
1312 898 1450 953 qualis
1476 902 1599 942 vetus
1624 900 1769 943 Roma.

193 957 288 999 fuit.
350 956 403 998 ad
434 955 518 998 hoc
547 956 740 997 lamenta
770 955 1034 1010 paventium,
1065 954 1341 1011 feminarum,
1372 956 1487 998 fessa
1517 960 1657 1001 aetate
1690 961 1766 1001 aut

192 1016 310 1058 rudis
353 1014 563 1070 pueritiae
603 1015 758 1068 [aetas]
765 1047 777 1069 ,
822 1014 980 1069 quique
1021 1013 1104 1056 sibi
1142 1014 1299 1070 quique
1337 1015 1434 1057 aliis
1472 1018 1766 1073 consulebant,

124 1086 167 1118 15
195 1075 296 1117 dum
327 1074 508 1116 trahunt
539 1073 752 1116 invalidos
786 1075 860 1114 aut
891 1073 1185 1128 opperiuntur,
1219 1088 1319 1128 pars
1352 1089 1484 1130 mora,
1515 1090 1616 1130 pars
1647 1076 1769 1119 festi-

193 1148 317 1189 nans,
348 1135 503 1175 cuncta
535 1132 839 1188 impediebant,
871 1133 914 1173 et
945 1146 1085 1187 saepe,
1117 1132 1217 1174 dum
1243 1133 1288 1174 in
1313 1135 1486 1189 tergum
1510 1137 1768 1191 respectant,

192 1167 401 1236 lateribus
434 1193 509 1233 aut
538 1191 682 1234 fronte
713 1191 1171 1246 circumveniebantur,
1202 1192 1270 1233 vel
1302 1192 1339 1234 si
1369 1192 1414 1234 in
1444 1193 1641 1248 proxima
1667 1208 1768 1237 eva-

194 1253 356 1307 serant,
394 1251 480 1293 illis
519 1265 686 1306 quoque
718 1250 809 1306 igni
840 1250 1068 1305 correptis,
1106 1251 1236 1292 etiam
1270 1265 1379 1306 quae
1410 1252 1648 1308 longinqua
1677 1267 1767 1296 cre-

193 1285 391 1353 dideraiit
420 1311 466 1352 in
497 1309 647 1352 eodem
684 1323 786 1352 casu
823 1309 1105 1364 reperiebant.
1166 1311 1400 1366 postremo,
1437 1310 1539 1366 quid
1577 1311 1767 1354 vitarent

122 1381 167 1413 20
196 1370 298 1426 quid
328 1371 525 1424 peterent
556 1368 765 1424 ambigui,
803 1368 1017 1423 complere
1055 1369 1166 1422 vias,
1205 1369 1339 1410 sterni
1377 1383 1454 1424 per
1491 1383 1636 1426 agros3
1673 1371 1768 1426 qui·

194 1430 294 1472 dam
326 1428 497 1470 amissis
530 1428 730 1470 omnibus
760 1427 966 1482 fortunis,
998 1426 1141 1469 diurni
1172 1442 1340 1483 quoque
1371 1428 1522 1484 victus,
1555 1429 1628 1471 alii
1659 1429 1767 1472 cari-

193 1490 284 1530 tate
314 1502 502 1542 suorum,
534 1502 641 1542 quos
669 1487 831 1541 eripere
857 1486 1152 1542 nequiverant,
1184 1487 1378 1542 quamvis
1403 1489 1577 1542 patente
1603 1488 1766 1544 effugio

193 1547 402 1589 interiere.
463 1561 544 1588 nec
576 1546 804 1602 quisquam
837 1545 1063 1587 defendere
1096 1545 1298 1599 audebat,
1334 1546 1496 1588 crebris
1527 1547 1763 1589 multorum

193 1606 321 1648 minis
353 1605 618 1660 restinguere
648 1604 983 1659 prohibentium,
1016 1607 1059 1646 et
1091 1604 1193 1659 quia
1226 1604 1299 1646 alii
1329 1605 1474 1659 palam
1497 1605 1612 1648 faces
1637 1606 1764 1648 iacie-

194 1723 394 1767 licentius
426 1724 672 1764 exercerent
703 1735 777 1763 seu
808 1722 940 1763 iussu.

122 1675 169 1708 25
194 1665 302 1706 bant
340 1667 466 1719 atque
504 1678 597 1705 esse
637 1663 721 1704 sibi
760 1664 977 1705 auctorem
1009 1663 1374 1719 vociferabantur,
1413 1664 1501 1706 sive
1532 1666 1582 1706 ut
1612 1667 1764 1719 raptus

313 1780 379 1824 Eo
411 1784 605 1836 tempore
631 1780 746 1824 Nero
773 1779 895 1822 Antii
928 1793 1060 1835 agens
1091 1794 1180 1822 non
1212 1782 1310 1822 ante
1341 1779 1388 1821 in
1419 1780 1568 1822 urbem
1599 1794 1764 1837 regres-

244 1921 308 1958 38.
347 1924 380 1956 4.
419 1921 461 1955 in
495 1931 537 1956 ea
562 1924 672 1965 parte
697 1921 761 1955 ctt.
811 1920 860 1954 Es
893 1919 944 1954 ist

196 1969 257 2004 die
294 1964 549 2003 nordostliche
582 1967 682 2003 Seite
718 1967 782 2002 des
816 1966 942 2002 Circus

196 2015 391 2051 maximus

244 2067 275 2098 5.
315 2063 508 2117 contiyaus
545 2061 641 2097 auch
676 2065 717 2105 2,
743 2065 799 2097 60.
833 2064 872 2104 6,
897 2064 943 2095 45

195 2121 286 2155 pars
310 2110 400 2145 circi
418 2110 602 2145 Aventino
623 2110 807 2153 contigua.
850 2107 943 2142 Aus-

197 2157 341 2193 serdem
372 2169 441 2191 nur
465 2156 637 2202 poetisch
662 2155 739 2190 und
764 2154 827 2190 bei
852 2154 902 2200 Sp
905 2157 944 2189 a·

196 2205 311 2239 teren.
345 2225 390 2229 —-
424 2205 611 2246 tabernas,
649 2202 860 2237 Kaufladen
896 2213 964 2245 an·

198 2251 264 2286 der
278 2250 513 2286 Aussenseite
530 2251 594 2286 des
608 2250 744 2285 Circus.
761 2269 804 2274 —
819 2250 944 2284 merci-

196 2299 358 2334 monium
404 2299 508 2333 sonet
551 2310 622 2332 nur
660 2297 713 2332 im
751 2296 829 2331 Alt-
866 2296 944 2330 und

197 2344 247 2391 Sp
250 2345 416 2380 atlatein.

222 2357 276 2429 PT
287 2392 483 2428 citusstatt
494 2392 664 2427 concitas.
697 2391 732 2425 S.
740 2389 836 2425 Einl.
847 2394 876 2432 ἓ.
888 2393 943 2426 13

246 2443 277 2475 8.
299 2439 524 2474 munimenta
573 2438 654 2474 sind
698 2437 852 2472 Manem
896 2448 944 2472 an

197 2486 269 2522 den
296 2486 422 2522 Seiten
447 2486 513 2521 der
537 2485 692 2521 Hauser.

244 2538 276 2569 9.
310 2526 409 2568 Uber
434 2533 505 2568 den
530 2533 703 2568 modalen
728 2532 852 2566 Ablat.
879 2531 942 2566 im-

189 2584 282 2626 petu
307 2592 333 2616 s.
360 2580 457 2615 Einl.
485 2583 516 2622 ξ.
537 2584 593 2615 38.

247 2632 300 2663 10.
335 2626 412 2663 Das
453 2627 619 2672 Particip
652 2626 866 2679 adsurqens
894 2624 944 2660 ist

196 2675 267 2710 mit
292 2675 376 2709 dem
395 2674 479 2710 Abl.
505 2672 677 2719 gerundii
697 2671 943 2715 koordiniert;

198 2734 225 2759 s.
259 2734 304 2756 zu
338 2725 399 2766 13,
425 2725 469 2757 47
509 2722 655 2757 trahens
692 2741 736 2746 —
767 2721 943 2764 interpre-

196 2770 320 2804 tando.

246 2820 300 2851 13.
334 2816 382 2851 ad
412 2816 477 2851 hoc
497 2832 541 2845 =
561 2812 655 2860 πρὸς
679 2811 841 2858 τούτοις,
873 2812 942 2847 wie

200 2866 261 2906 12,
287 2866 342 2897 34.
377 2866 439 2905 13,
466 2866 522 2898 34.
555 2883 598 2887 -
631 2862 726 2906 fessa
751 2860 816 2896 ctt.
872 2859 942 2895 Die

187 2912 366 2955 paventes
398 2909 572 2944 zer-fallen
602 2909 639 2943 in
665 2908 745 2944 drei
770 2906 941 2943 Klassen:

1015 1918 1176 1963 Weiber‚
1203 1918 1330 1954 Greise
1355 1919 1431 1953 und
1454 1918 1604 1955 Kinder.
1647 1919 1761 1957 Abla-

1015 1966 1070 2001 tiv
1106 1966 1184 2000 und
1221 1965 1380 2001 Genetiv
1417 1966 1483 2001 der
1518 1967 1765 2012 Eigenschaft

1015 2013 1164 2058 haugen
1201 2013 1281 2048 also
1324 2013 1380 2048 als
1423 2014 1646 2059 Apposition
1689 2026 1764 2051 von

1011 2061 1226 2104 paventium
1264 2060 1328 2103 ab,
1374 2059 1511 2096 ebenso
1552 2061 1623 2096 wie
1659 2062 1763 2106 femi-

1016 2118 1160 2142 narum.
1200 2106 1314 2142 Beide
1329 2106 1443 2142 Casus
1464 2107 1657 2152 qualitatis
1677 2108 1761 2144 sind

1016 2153 1248 2188 koordiniert
1284 2153 1355 2189 wie
1392 2158 1454 2197 13,
1481 2158 1526 2190 54
1557 2156 1666 2201 quasi
1695 2156 1762 2191 im-

1011 2204 1120 2246 petus
1152 2201 1298 2245 antiqui
1329 2204 1362 2236 et
1389 2202 1485 2237 bona
1509 2203 1765 2247 aemulatione,

1017 2248 1093 2283 und
1120 2248 1235 2283 sehon
1260 2247 1321 2283 bei
1347 2247 1497 2284 Sallust.

1066 2298 1120 2330 14.
1165 2293 1242 2330 Das
1288 2295 1620 2340 eingeklammerte
1661 2300 1763 2332 aetas

1018 2342 1164 2377 scheint
1208 2342 1289 2377 eine
1332 2353 1398 2377 aus
1441 2342 1763 2379 Mifsverstmxdnis

1015 2388 1283 2435 hinzugeffigte
1301 2389 1441 2424 Glosse.
1467 2382 1567 2425 Uber
1585 2390 1650 2425 das
1670 2389 1761 2436 dop-

1015 2436 1117 2481 pelte
1143 2447 1210 2481 que
1234 2448 1260 2470 s.
1288 2435 1382 2470 Einl.
1409 2439 1439 2478 ς.
1461 2440 1516 2472 65.

1066 2487 1119 2518 15.
1159 2493 1262 2518 mora
1294 2503 1337 2508 —
1369 2483 1557 2526 festinans.
1606 2483 1762 2520 Ablativ

1015 2530 1093 2564 und
1110 2530 1275 2575 Particip
1297 2530 1526 2566 koordiniert
1541 2529 1612 2565 wie
1628 2529 1697 2576 ΚΡ.
1713 2534 1760 2566 36

1016 2578 1190 2622 cupidine
1214 2597 1261 2603 -—
1285 2578 1466 2612 metuenti.

1066 2628 1120 2660 17.
1154 2624 1329 2659 lateribus
1360 2628 1426 2659 aut
1448 2624 1567 2668 fronte
1591 2623 1661 2659 wie
1687 2624 1759 2670 ΚΡ.

1016 2675 1060 2706 37
1088 2672 1347 2716 crepidinibus.

1063 2721 1119 2754 21.
1151 2719 1283 2753 diurni
1311 2719 1427 2753 vietus
1456 2716 1506 2752 ist
1530 2716 1658 2753 Genet.
1693 2729 1758 2763 ap-

1014 2764 1261 2809 positionali8‚
1281 2776 1354 2801 von
1373 2764 1534 2807 fortunis
1552 2763 1757 2810 abhangig,

1014 2812 1102 2847 Man
1145 2812 1303 2847 braucht
1345 2811 1424 2846 also
1465 2810 1588 2846 nichts
1629 2811 1759 2847 hinzu-

1014 2859 1182 2904 zufiigen.

1061 2909 1117 2942 23.
1149 2905 1336 2949 defendere
1361 2904 1439 2940 scil.
1465 2905 1594 2950 iynem.
