1806 3120
577 78 723 115 LIBER
746 79 810 115 111.
847 78 950 115 CAP.
975 82 1129 116 44—47.
1561 80 1647 124 177

81 202 278 244 quaeque
308 187 514 229 Romanis
545 186 727 228 adversa
756 186 1025 243 intulissent3
1062 201 1193 242 quam
1224 187 1380 230 decora
1409 189 1645 233 victoribus

78 247 275 301 libertas,
305 247 466 301 quanto
498 244 805 287 intolerantior
835 245 1021 288 servitus
1052 246 1210 288 iterum
1240 246 1380 289 victis.

195 303 296 347 Non
345 304 419 346 diu
466 304 572 346 haec
614 318 695 346 nec
744 303 858 359 apud
906 304 1067 347 laetos:
1119 305 1280 347 etenim
1328 306 1649 362 propinquabat
1660 307 1720 350 46

77 364 297 419 legionum
330 363 454 417 acies,
483 362 778 418 inconditique
810 377 859 405 ac
890 363 1075 406 militiae
1105 364 1242 407 nescii
1273 364 1479 420 oppidani
1508 379 1647 421 neque

78 422 214 465 oculis
255 436 394 478 neque
437 422 611 464 auribus
654 422 761 464 satis
805 422 1106 477 conpetebant.
1178 425 1331 465 contra
1371 422 1520 479 Silius,
1565 425 1649 468 etsi

77 484 360 537 praesumpta
391 496 487 536 spes
520 480 724 523 hortandi
755 495 907 523 causas
940 483 1170 538 exemerat,
1201 482 1457 525 clamitabat
1486 485 1648 539 tamen,

77 539 324 596 pudendum
361 540 469 595 ipsis
509 539 623 595 quod
655 538 986 582 Germaniarum
1016 541 1203 583 victores
1237 541 1465 584 adversum
1495 541 1647 585 Gallos

79 603 303 655 tamquam
334 598 380 641 in
411 598 584 641 hostem
616 598 885 642 ducerentur.
946 598 1055 642 ‘una
1085 614 1224 655 nuper
1257 601 1413 643 cohors
1443 601 1649 644 rebellem

79 658 316 712 Turonum,
358 672 446 699 una
489 658 558 700 ala
594 657 848 713 Treverum,
887 672 1050 713 paucae
1087 659 1216 701 huius
1258 659 1394 714 ipsius
1436 661 1648 704 exercitus

79 720 249 759 turmae
267 716 553 772 profligavere
573 715 806 772 Sequanos.
838 719 999 772 quanto
1018 718 1204 773 pecunia
1223 718 1334 761 dites
1354 721 1398 761 et
1416 720 1649 775 voluptati-

79 776 160 817 bus
192 776 432 830 opulentos,
465 778 589 818 tanto
622 776 761 832 magis
791 776 975 820 inbelles
999 775 1175 820 Aeduos
1206 778 1389 820 evincite
1414 781 1458 820 et
1481 779 1648 835 fugien—

86 834 204 877 tibus
241 833 480 877 consulite?
540 835 694 890 ingens
732 834 787 877 ad
825 850 876 877 ea
912 836 1097 891 clamor,
1135 838 1180 878 et
1210 836 1488 880 circumfudit
1518 852 1647 894 eques

79 893 351 948 frontemque
370 893 535 948 pedites
555 894 769 949 invasere3
788 908 868 937 nec
887 897 1136 937 cunctatum
1156 896 1268 951 apud
1287 896 1439 938 latera.
1469 898 1650 952 paulum

80 966 226 994 morae
259 952 441 995 attulere
471 952 621 995 ferrati
658 954 926 995 restantibus
965 954 1189 996 lamminis
1222 955 1452 997 adversum
1483 956 1573 1011 pila
1604 959 1649 998 et

81 1011 270 1067 gladios,
302 1011 376 1053 sed
401 1011 528 1054 miles
555 1012 765 1066 correptis
792 1012 1013 1055 securibus
1040 1015 1084 1054 et
1107 1013 1310 1068 dolabris,
1342 1016 1392 1056 ut
1415 1014 1453 1056 si
1478 1030 1648 1057 murum

80 1073 398 1126 perrumperet,
441 1070 615 1112 caedere
657 1072 852 1127 tegmina
895 1074 938 1113 et
982 1086 1182 1127 corpora:
1227 1073 1403 1128 quidam
1446 1073 1649 1116 trudibus

82 1131 159 1171 aut
198 1129 330 1171 furcis
370 1129 551 1171 inertem
592 1130 749 1172 molem
789 1132 1082 1184 prosternere,
1121 1131 1395 1187 iacentesque
1431 1133 1554 1175 nullo
1594 1133 1649 1176 ad

82 1188 395 1244 resurgendum
413 1188 513 1230 nisu
533 1189 657 1243 quasi
677 1190 893 1231 exanimes
913 1189 1234 1245 linquebantur.
1278 1189 1482 1234 Sacrovir
1506 1192 1649 1247 primo

84 1246 467 1302 Augustodunum,
511 1247 607 1288 dein
650 1251 770 1290 metu
811 1248 1040 1291 deditionis
1080 1249 1123 1290 in
1167 1249 1318 1292 villam
1358 1251 1650 1306 propinquam

88 1320 188 1347 cum
218 1305 440 1348 fidissimis
471 1306 624 1362 pergit.
686 1307 776 1349 illic
808 1322 886 1349 sua
917 1322 1066 1363 manu,
1101 1308 1258 1363 reliqui
1296 1309 1458 1351 mutuis
1489 1309 1651 1352 ictibus

86 1365 301 1407 occidere:
332 1364 507 1408 incensa
538 1379 665 1420 super
696 1366 800 1408 villa
831 1380 979 1408 omnes
1011 1367 1229 1410 cremavit.

1674 849 1720 882 10

1676 1143 1722 1175 15

205 1423 315 1466 Tum
352 1423 523 1465 demum
554 1423 752 1467 Tiberius
791 1427 933 1467 ortum
965 1428 1270 1482 patratumque
1301 1426 1464 1469 bellum
1497 1430 1650 1470 senatu
1661 1427 1723 1470 47

85 1482 277 1537 scripsit:
312 1496 450 1538 neque
487 1483 675 1538 dempsit
711 1486 786 1526 aut
823 1484 988 1527 addidit
1027 1499 1146 1540 vero,
1188 1485 1262 1527 sed
1293 1486 1376 1528 fide
1408 1501 1458 1529 ac
1488 1487 1651 1529 virtute

85 1541 255 1596 legatos
266 1575 277 1597 ,
309 1556 354 1583 se
386 1541 579 1584 consiliis
612 1543 886 1598 superfuisse.
948 1544 1078 1586 simul
1109 1558 1281 1600 causas,
1318 1559 1394 1587 cur
1423 1559 1513 1587 non
1543 1546 1652 1601 ipse,

86 1615 174 1642 non
206 1600 374 1642 Drusus
404 1600 589 1655 profecti
620 1601 676 1643 ad
705 1602 750 1644 id
788 1602 953 1644 bellum
989 1602 1150 1658 forent,
1187 1603 1400 1659 adiunxit,
1438 1605 1651 1660 magnitu-

86 1715 276 1761 praeclare
315 1717 460 1762 gestae)
499 1717 602 1753 steht
637 1729 708 1752 nur
750 1718 833 1754 hier
953 1723 985 1755 8.
1013 1711 1115 1755 Uber
1137 1723 1276 1764 quanto
1299 1720 1370 1755 mit
1395 1720 1481 1755 dem
1505 1719 1653 1757 Positiv

86 1763 148 1798 boi
182 1762 354 1808 Tacitus,
394 1764 605 1800 ausserdem
642 1765 734 1800 aber
769 1766 832 1801 bei
906 1777 934 1802 s.
955 1765 1051 1802 Einl.
1072 1770 1102 1809 §-
1123 1770 1180 1802 97.

85 1809 260 1853 Plautus,
300 1811 390 1846 Sall.
415 1811 499 1857 Jug.
527 1815 584 1846 41.
635 1811 773 1848 Cornif.
799 1817 832 1856 3,
954 1817 986 1849 9.
1031 1814 1190 1850 evincere
1224 1813 1323 1850 nach
1353 1813 1458 1860 Virg.
1490 1814 1583 1851 Aen.
1615 1818 1651 1859 2,

87 1862 127 1901 6,
160 1861 179 1893 7
219 1858 332 1893 sowie
373 1857 437 1894 bei
474 1858 616 1894 Gellius
660 1860 737 1894 und
780 1859 833 1895 im
907 1863 976 1895 630
990 1861 1177 1905 paulatim
1196 1862 1321 1898 evicta.
1359 1860 1467 1896 Auch
1485 1862 1548 1897 bei
1565 1862 1652 1897 dem

92 1903 313 1949 Sp’atlatein.

146 1965 202 1997 12.
251 1963 506 1999 intolerantior
553 1964 748 1999 scheinbar
795 1964 835 1999 in

88 2009 274 2092 {samaim
284 2009 314 2091 1Ξ
307 2009 836 2094 {nssaiiffiinlsilztli'timiefflff

93 2084 267 2140 bar-orarii
290 2105 559 2140 intolerantius.
595 2095 748 2140 Uberall
767 2105 837 2141 sel-

90 2151 175 2195 tcn,
201 2151 298 2186 doch
323 2150 437 2187 schon
460 2152 524 2188 bei
549 2151 622 2187 Cic.
647 2152 687 2187 in
712 2151 836 2188 Vatin.

94 2201 137 2233 12
163 2199 207 2234 de
237 2199 313 2234 tuis
344 2199 487 2235 divitiis
517 2200 838 2236 intolerantissime

89 2246 274 2291 yloriaris.
325 2247 380 2281 Im
406 2246 556 2282 Grunde
580 2246 631 2282 ist
656 2248 723 2282 der
747 2246 838 2281 Sinn

91 2291 215 2328 aktiv:
242 2293 452 2337 „masslos⁴‘.

138 2362 203 2399 46.
229 2367 263 2399 2.
288 2374 401 2410 neque
426 2364 542 2401 oculis
560 2367 633 2407 ctt.,
659 2363 693 2399 d.
716 2364 753 2399 h.
774 2375 837 2408 „es

91 2410 250 2463 verging
280 2410 396 2447 ihnen
419 2411 546 2448 Horen
576 2411 652 2447 und
678 2410 836 2447 Sehen“.

91 2456 178 2503 Vgl.
204 2458 293 2495 hist.
319 2462 359 2503 3,
387 2462 431 2494 73
465 2470 542 2495 non
578 2459 727 2505 linqua,
763 2469 839 2494 non

93 2505 249 2540 aua-ibus
282 2509 476 2550 conpetere.
527 2506 618 2542 Sall.
644 2508 777 2551 fragm.
805 2510 837 2550 1,

92 2553 139 2587 88
163 2563 275 2597 neque
300 2554 425 2589 animo
448 2565 562 2599 neque
585 2554 741 2589 auribus
772 2557 838 2588 aut

93 2599 223 2645 linqua
254 2604 456 2645 competere.
506 2600 625 2636 Daft'ir
650 2602 734 2647 sagt
756 2600 836 2636 Liv.

94 2649 130 2691 5,
149 2649 194 2680 42
214 2657 260 2682 ne
285 2648 439 2683 auribus
463 2649 606 2694 quidem
630 2652 738 2694 atque
756 2658 838 2683 ocu-

95 2693 143 2729 lis
165 2694 257 2730 satis
281 2698 445 2731 constare
462 2699 646 2740 poterant.

143 2755 176 2787 6.
201 2763 280 2788 una
303 2764 421 2799 nuper
438 2757 498 2790 ett.
536 2754 611 2790 Der
636 2753 839 2800 plotzliche

95 2790 391 2882 ξῠξξςεὲιιῆἶω·
420 2801 593 2838 direkten
616 2802 737 2847 Rede,
768 2800 839 2836 wie

121 2873 130 2889 ‚
198 2872 205 2881 ·
258 2875 266 2890 ,
334 2876 342 2884 .

166 2911 235 2937 Tac.
253 2911 363 2939 Annal.
389 2913 414 2939 Ι.

903 1908 1088 1953 jungeren
1113 1907 1266 1944 Seneca.

957 1958 1012 1989 10.
1050 1956 1234 1991 consulere
1263 1957 1357 1991 statt
1384 1966 1550 1999 parcere,
1581 1955 1652 1991 wie

910 1999 993 2036 Cas.
1018 2001 1054 2036 b.
1081 2013 1117 2047 g.
1144 2005 1178 2046 7,
1206 2005 1248 2036 12
1280 2006 1322 2038 ut
1350 2002 1423 2038 sibi
1454 2003 1655 2047 iynosceret

908 2058 1065 2092 suaeque
1093 2048 1190 2084 vitae
1221 2050 1429 2085 consuleret.
1481 2049 1530 2085 So
1555 2049 1654 2086 &fter

909 2094 971 2130 bei
988 2094 1151 2130 Tacitus.
1173 2116 1218 2122 —
1238 2107 1353 2142 eques,
1379 2097 1480 2132 daun
1499 2097 1652 2142 pedites.

908 2135 1009 2222 Ubfir
1033 2142 1162 2178 diesen
1182 2142 1359 2179 Wechsel
1384 2143 1448 2180 des
1466 2142 1655 2180 Numerus

910 2200 937 2224 s.
990 2189 1054 2225 inl.
1075 2193 1107 2232 §-
1127 2194 1159 2225 3.

959 2239 1014 2271 11.
1052 2237 1153 2272 Weil
1189 2240 1399 2274 cunctatum
1436 2238 1492 2274 als
1522 2238 1654 2275 Passiv

909 2280 973 2318 ἅπ.
1001 2282 1067 2329 εἰρ.
1099 2283 1167 2329 ist,
1204 2284 1284 2320 will
1320 2284 1495 2320 wolfi-‘lin
1530 2286 1654 2322 lesem

909 2331 977 2366 diu
1006 2334 1192 2367 certatum.
1241 2330 1342 2368 Aber
1376 2332 1443 2368 das
1468 2332 1656 2379 ‚Aktivum

909 2381 1081 2414 cunctare
1114 2378 1231 2414 findet
1263 2379 1344 2415 sich
1378 2380 1474 2415 &fter
1506 2380 1560 2415 im
1595 2391 1656 2416 ar-

911 2425 1111 2460 chaischen
1134 2425 1280 2463 Latein.

958 2476 1014 2508 12.
1057 2476 1194 2508 restare
1219 2490 1264 2502 =
1288 2473 1461 2509 resistere
1497 2473 1549 2509 ist
1587 2483 1656 2508 un-

910 2518 1107 2564 klassisch.

960 2570 1014 2601 13.
1045 2557 1147 2601 Uber
1178 2566 1250 2601 den
1282 2566 1478 2602 Gebrauch
1508 2577 1583 2602 von
1612 2570 1657 2603 ut

909 2614 944 2649 si
968 2613 1108 2660 vgl.‚zu
1133 2617 1165 2657 2,
1186 2617 1244 2648 20.

960 2663 1014 2695 16.
1041 2652 1142 2695 Uber
1166 2661 1328 2706 linquere
1353 2673 1380 2696 s.
1401 2671 1446 2695 zu
1470 2664 1503 2704 2,
1523 2663 1580 2696 55.

958 2706 1023 2742 47.
1042 2711 1075 2742 3.
1094 2718 1275 2752 superesse
1292 2707 1518 2753 „fibetlegen
1537 2707 1654 2752 sein“‚

911 2754 981 2789 wie
1006 2753 1095 2799 Agr.
1121 2758 1167 2789 44
1198 2754 1275 2790 und
1307 2754 1423 2790 sehon
1454 2754 1584 2791 Cicero
1615 2754 1657 2790 in

912 2801 1032 2837 einem
1058 2802 1260 2847 Fragment
1283 2802 1345 2838 bei
1370 2800 1512 2837 Gellius
1539 2805 1578 2848 1,
1596 2806 1658 2846 22,

913 2854 932 2885 7
959 2849 1128 2885 doctrina
1153 2850 1260 2884 etiam
1284 2849 1478 2894 superfuit.

1328 2911 1372 2943 12
