1806 3120
140 211 197 253 36

145 1092 202 1134 37

148 1622 204 1665 38

211 101 297 144 172

642 99 871 136 CORNELII
894 97 1059 134 TACI'I'I
1083 96 1344 139 ANNALIUM

1623 7 1627 10 -
1664 21 1666 23 ,
1695 0 1705 6 ··
1717 0 1806 158 ³⁷⁹1

328 209 442 252 Exin
478 210 727 265 promptum
767 207 881 263 quod
921 206 1158 249 multorum
1195 204 1363 247 intimis
1396 203 1621 259 questibus
1652 206 1770 260 tege.-
1798 197 1806 224 '³

211 269 351 311 batur.
412 268 638 311 incedebat
670 268 782 310 enim
814 265 1044 308 deterrimo
1078 265 1229 320 cuique
1260 262 1434 305 licentia
1464 262 1640 317 impune
1670 277 1770 318 pro-

211 328 292 370 bra
323 329 366 369 et
396 327 602 369 invidiam
632 326 678 368 in
707 326 845 368 bonos
877 324 1088 366 excitandi
1127 324 1299 378 arrepta
1335 321 1525 375 imagine
1556 320 1770 378 Caesaris3

211 386 441 442 libertique
475 386 603 427 etiam
635 399 685 427 ac
717 383 828 427 servi
858 385 1041 438 patrono
1067 382 1134 424 vel
1166 381 1350 435 domino,
1382 394 1478 422 cum
1503 394 1643 435 voces,
1673 394 1772 423 cum

166 455 186 486 5
213 459 366 487 manus
404 445 687 498 intentarent,
726 443 838 485 ultro
878 441 1191 484 metuebantur.
1251 440 1385 496 igitur
1423 437 1468 480 C.
1500 437 1670 482 Cestius
1708 453 1771 481 se-

212 506 340 546 nator
383 504 585 545 disseruit
634 502 851 557 principes
903 500 1074 555 quidem
1123 500 1262 541 instar
1312 498 1489 540 deorum
1539 511 1650 553 esse,
1699 497 1773 540 sed

213 576 351 618 neque
384 577 409 604 a
440 562 505 604 dis
536 562 621 604 nisi
652 561 787 603 iustas
820 559 1061 614 supplicum
1093 572 1240 613 preces
1274 557 1424 611 audiri,
1454 570 1594 611 neque
1626 570 1773 611 quem-

216 636 344 677 quam
394 621 439 663 in
486 619 747 675 Capitolium
794 619 930 661 aliave
974 617 1093 659 urbis
1137 616 1301 671 templa
1344 615 1590 671 perfugere,
1632 617 1682 657 ut
1724 629 1775 658 eo

216 679 406 722 subsidio
439 679 493 721 ad
531 679 697 734 flagitia
727 680 885 720 utatur.
948 676 1133 719 abolitas
1165 676 1283 731 leges
1317 678 1360 716 et
1388 674 1584 716 funditus
1616 687 1775 729 versas,

145 749 188 780 10
214 739 290 781 ubi
321 739 363 780 in
395 739 511 793 foro,
550 738 593 779 in
626 737 773 779 limine
805 736 948 779 curiae
980 735 1033 777 ab
1067 734 1210 776 Annia
1241 733 1419 788 Rufina,
1451 747 1580 788 quam
1609 731 1776 775 fraudis

217 798 297 839 sub
341 797 480 839 iudice
524 796 834 850 damnavisset,
883 794 1043 849 probra
1092 793 1175 835 sibi
1220 795 1262 834 et
1303 793 1444 834 minae
1488 790 1776 844 intendantur,

215 870 354 911 neque
380 857 473 910 ipse
506 855 663 897 audeat
693 855 758 896 ius
791 853 973 907 experiri
1006 852 1061 894 ob
1094 851 1280 907 effigiem
1305 850 1578 905 imperatoris
1605 850 1777 906 opposi-

215 917 317 957 tam.
379 914 494 956 haud
533 913 762 955 dissimilia
800 912 875 954 alii
912 914 955 953 et
993 911 1168 966 quidam
1205 910 1420 952 atrociora
1458 909 1777 963 circumstrepe-

216 974 334 1028 bant,
366 972 738 1028 precabanturque
769 970 959 1013 Drusum
991 969 1112 1011 daret
1143 968 1320 1011 ultionis
1353 968 1612 1023 exemplum,
1643 968 1778 1010 donec

147 1043 189 1075 15
218 1033 400 1075 accitam
432 1032 759 1086 convictamque
792 1029 965 1072 attineri
996 1027 1169 1082 publica
1202 1027 1394 1070 custodia
1424 1026 1562 1068 iussit.

337 1090 397 1133 Et
429 1089 658 1133 Considius
690 1088 866 1144 Aequus
905 1090 948 1130 et
980 1086 1152 1130 Caelius
1185 1084 1346 1129 Cursor
1384 1085 1548 1140 equites
1579 1083 1778 1140 Romani,

218 1149 333 1205 quod
371 1149 484 1192 fictis
523 1148 763 1191 maiestatis
801 1147 1054 1189 criminibus
1092 1145 1285 1200 Magium
1324 1143 1616 1186 Caecilianum
1656 1157 1778 1198 prae-

216 1211 355 1251 torem
386 1208 660 1264 petivissent,
697 1208 872 1249 auctore
909 1205 1103 1260 principe
1135 1218 1185 1246 ac
1216 1204 1384 1246 decreto
1417 1204 1592 1244 senatus
1623 1201 1776 1257 puniti.

217 1270 446 1323 utrumque
483 1267 528 1309 in
563 1267 732 1308 laudem
764 1264 897 1307 Drusi
933 1264 1207 1318 trahebatur3
1246 1263 1300 1305 ab
1339 1276 1388 1304 eo
1426 1262 1472 1303 in
1502 1261 1627 1316 urbe,
1666 1260 1780 1303 inter

170 1338 191 1370 5
218 1328 366 1369 coetus
405 1328 448 1368 et
485 1340 702 1368 sermones
733 1324 957 1367 hominum
989 1324 1262 1376 obversante,
1301 1322 1463 1363 secreta
1493 1319 1631 1375 patris
1663 1319 1778 1362 miti-

218 1385 324 1441 gari.
384 1399 523 1440 neque
554 1386 679 1426 luxus
709 1384 754 1425 in
785 1383 937 1426 iuvene
969 1382 1074 1424 adeo
1107 1380 1382 1435 displicebat:
1421 1379 1507 1421 huc
1537 1379 1684 1433 potius
1715 1378 1778 1420 in·

217 1444 424 1498 tenderet,
449 1444 562 1485 diem
583 1442 965 1493 aedificationibus,
990 1442 1162 1484 noctem
1189 1439 1397 1482 conviviis
1422 1437 1624 1493 traheret,
1651 1451 1779 1494 quam

219 1504 339 1545 solus
378 1505 422 1545 et
457 1503 590 1544 nullis
621 1501 918 1556 voluptatibus
949 1501 1154 1543 avocatus
1185 1501 1395 1540 maestam
1426 1497 1699 1552 vigilantiam
1731 1497 1775 1538 et

221 1562 359 1604 malas
392 1575 516 1603 curas
549 1562 774 1603 exerceret.

337 1619 439 1662 Non
464 1620 576 1661 enim
595 1618 805 1672 Tiberius,
829 1632 918 1660 non
944 1618 1213 1659 accusatores
1239 1614 1508 1657 fatiscebant.
1546 1615 1589 1656 et
1608 1612 1779 1656 Ancha-

221 1735 273 1770 im
302 1735 520 1780 Sp‘atlatein.
571 1734 645 1769 Der
677 1733 767 1769 Sinn
799 1733 865 1769 ist:
899 1733 965 1769 der

222 1782 523 1818 schmeichelnde
560 1781 697 1817 Beifall
732 1781 796 1816 des
832 1780 964 1816 Senats

220 1829 469 1865 unterstfitzte
495 1828 595 1864 seine
628 1827 865 1863 erheuchelte
891 1828 964 1862 Ab·

220 1877 388 1922 lehnung
411 1875 528 1920 nicht,
556 1876 715 1911 sondern
740 1886 870 1921 zwang
888 1875 964 1919 ibn,

222 1925 290 1959 das
329 1923 419 1959 Amt
456 1924 722 1959 anzunehmen.
784 1921 854 1957 Die
890 1921 965 1956 An-

221 1971 409 2016 wendung
434 1970 500 2006 der
526 1970 667 2006 Litotes
692 1969 855 2005 verleiht
879 1970 965 2005 dem

221 2018 418 2053 Ausdruck
444 2019 557 2053 etwas
584 2017 871 2053 Sarkastisches.

269 2065 332 2100 36.
377 2069 408 2100 2.
453 2065 639 2101 incedebat
677 2063 850 2108 „schlich
888 2063 967 2099 sich

222 2112 304 2155 ein,
339 2111 563 2147 verbreitete
595 2111 698 2146 sich“
732 2110 802 2146 wie
837 2122 893 2156 cp.
920 2114 965 2146 26

223 2160 373 2195 ambitio
398 2163 430 2194 et
454 2159 509 2195 vis
538 2159 735 2195 incedebat.
771 2162 803 2202 2,
831 2161 875 2193 55
903 2169 965 2193 ra-

222 2217 301 2242 mor
326 2207 523 2241 incedebat.
569 2206 674 2241 Dann
700 2204 752 2240 ist
774 2205 965 2241 deterrimo

224 2252 285 2288 ein
310 2253 465 2288 Dativus
493 2254 691 2288 commodi.

271 2304 304 2335 3.
342 2300 501 2344 imagine
540 2299 716 2335 Caesaris.
767 2299 842 2334 Der
873 2298 965 2333 Vor-

223 2346 346 2391 wand‚
367 2346 448 2381 dass
469 2347 530 2381 ein
544 2345 967 2392 Majestatsverbrechen

223 2394 407 2439 vorliege‚
440 2393 576 2428 musste
609 2394 668 2428 die
700 2393 870 2438 Anklage
901 2393 966 2427 be—

224 2441 439 2486 schenigen.

272 2491 304 2523 5.
337 2490 578 2531 intentarent,
603 2487 663 2521 ein
688 2487 870 2532 Zeugma,
896 2486 967 2521 wie

224 2539 264 2579 2,
290 2539 334 2570 29
361 2546 492 2570 manus
518 2545 562 2570 ac
585 2534 765 2579 supplices
794 2543 893 2569 voces
918 2533 968 2568 ad

227 2582 413 2618 Tiberium
432 2582 589 2617 tendens.
619 2585 673 2625 12,
693 2585 750 2616 47.
772 2601 816 2607 ——
837 2579 969 2615 Dieser

226 2629 366 2665 Cestius
396 2629 481 2664 tritt
510 2628 562 2663 im
588 2627 621 2664 J.
642 2631 688 2663 32
714 2627 769 2662 als
796 2627 970 2673 Angeber

226 2676 292 2712 auf
312 2676 388 2711 und
413 2675 508 2712 wird
533 2675 585 2710 im
609 2674 642 2711 J.
663 2679 709 2710 35
735 2675 887 2710 Konsul.

274 2727 306 2759 9.
340 2733 462 2759 versas
494 2723 587 2758 statt
612 2732 763 2758 eversas.
813 2721 897 2767 Vgl.
924 2732 968 2755 zu

225 2773 264 2814 2,
290 2774 347 2805 42.

275 2820 330 2852 11.
368 2817 434 2852 sub
466 2817 603 2859 iudice,
642 2815 714 2851 wie
745 2815 831 2850 hist.
858 2819 895 2859 4,
923 2818 968 2850 64

225 2864 291 2899 sub
329 2864 483 2899 custode.
535 2863 692 2898 Sueton:
730 2863 796 2898 sub
829 2862 967 2907 paeda-

1036 1733 1150 1778 9oyi8,
1169 1732 1235 1767 sab
1249 1733 1410 1776 paterna
1428 1730 1524 1766 avia.
1540 1749 1584 1755 —
1604 1729 1782 1766 damnare
1798 1759 1802 1763 .

1009 1788 1018 1791 ·
1038 1779 1123 1823 „die
1172 1776 1436 1821 Verurteilung
1492 1775 1779 1812 herbeiffihren“

1038 1825 1094 1862 als
1131 1826 1332 1870 Anklager.
1383 1823 1530 1859 Ebenso
1568 1823 1682 1859 sehon
1717 1822 1782 1859 bei

1037 1873 1209 1917 Plautus,
1247 1872 1409 1908 welcher
1439 1870 1547 1906 nebst
1578 1869 1706 1907 Cicero
1740 1870 1782 1906 in

1038 1919 1253 1956 demselben
1291 1919 1402 1955 Sinne
1444 1918 1682 1954 condemnare
1718 1927 1781 1964 ge-

1037 1966 1207 2003 braucht.

1095 2018 1149 2050 12.
1187 2014 1323 2059 effiyies
1359 2012 1398 2048 in
1435 2010 1629 2048 derselben
1663 2012 1781 2047 meta-

1038 2061 1265 2107 phorischen
1309 2059 1531 2105 Bedeutung
1572 2058 1642 2094 wie
1685 2057 1783 2095 oben

1038 2120 1195 2192 ²mgg?'1
1216 2155 1292 2190 und
1311 2158 1344 2190 2.
1379 2154 1447 2189 Die
1466 2153 1679 2199 genannten
1697 2150 1782 2188 Per-

1038 2214 1153 2239 sonen
1179 2202 1262 2238 sind
1288 2202 1392 2238 sonet
1416 2200 1643 2236 unbekannt.

1085 2254 1118 2285 4.
1149 2250 1290 2286 trahere
1313 2249 1356 2284 in
1380 2248 1523 2284 laudem
1548 2246 1778 2292 (,‚auslegen,

1040 2297 1288 2341 antechneffl)
1321 2294 1391 2330 wie
1425 2306 1480 2340 cp.
1506 2297 1550 2329 22
1584 2294 1634 2329 ad
1666 2294 1780 2330 saevi-

1039 2345 1139 2380 tiam.
1177 2347 1211 2388 4,
1239 2346 1284 2378 64
1309 2342 1359 2378 ad
1382 2342 1537 2387 culpam.
1574 2341 1660 2376 hist.
1681 2344 1717 2385 2,
1734 2344 1781 2376 20

1038 2391 1418 2480 Μὸῗαξῖζῗέῗαωᾏρἰ
1455 2434 1651 2480 geheimen
1689 2433 1782 2480 (und

1040 2483 1360 2530 argwohnischen)
1404 2480 1649 2517 Gedanken“.
1699 2480 1780 2516 Liv.

1039 2536 1096 2575 39,
1118 2535 1173 2575 10,
1195 2534 1213 2564 1
1239 2532 1422 2565 secretum.

1089 2582 1121 2614 7.
1159 2576 1483 2621 aedificationibus.
1531 2574 1621 2611 Dafs
1658 2586 1698 2611 er
1734 2585 1783 2615 an

1039 2624 1308 2661 Privatbauten
1314 2622 1540 2668 Vergni‘igen
1553 2621 1654 2667 saud,
1668 2621 1783 2658 seben
1797 2639 1799 2641 ·

1040 2673 1108 2708 wir
1131 2682 1201 2707 nur
1228 2682 1293 2706 aus
1319 2670 1441 2705 dieser
1461 2669 1588 2705 Stelle.
1608 2689 1655 2696 —
1673 2679 1798 2714 quam·

1040 2718 1093 2753 im
1112 2718 1224 2754 Sinna
1243 2727 1314 2752 von
1339 2728 1448 2762 quam
1471 2720 1514 2752 ut
1538 2716 1640 2752 steht
1663 2716 1779 2752 sehon

1040 2766 1101 2801 bei
1145 2763 1286 2800 Sallust
1327 2763 1404 2799 und
1447 2763 1545 2800 noch
1587 2761 1683 2799 efter
1719 2761 1783 2798 bei

1041 2812 1179 2848 Livius.

1087 2859 1151 2895 38.
1179 2863 1208 2894 1.
1234 2858 1401 2902 fatiscere
1426 2857 1540 2893 sehon
1564 2856 1627 2892 bei
1650 2856 1782 2901 Varro,
