1794 3126
163 75 250 118 230
594 77 823 135 CORNELH
848 78 1008 115 TACITI
1034 79 1291 117 ANNALIUM

161 184 337 239 thyniae
369 186 412 226 et
442 200 542 228 mox
571 186 720 228 consul
745 187 961 243 vigentem
989 202 1032 230 se
1059 202 1109 230 ac
1134 202 1281 243 parem
1305 188 1491 245 negotiis
1517 189 1716 233 ostendit.

160 243 259 301 dein
290 244 510 287 revolutus
543 245 596 287 ad
628 244 745 300 vitia,
777 261 851 288 seu
882 247 1084 289 vitiorum
1116 247 1373 303 imitatione,
1410 248 1523 290 inter
1556 263 1715 304 paucos

93 313 135 345 10
159 302 441 345 familiarium
483 302 645 346 Neroni
690 305 940 360 adsumptus
985 308 1066 360 est,
1116 306 1352 361 elegantiae
1396 306 1572 362 arbiter,
1614 307 1716 350 dum

159 361 269 404 nihil
301 376 529 405 amoenum
561 365 604 405 et
635 364 765 406 molle
797 364 1028 406 adfluentia
1059 367 1199 420 putat,
1237 366 1322 408 nisi
1353 365 1467 421 quod
1498 366 1538 408 ei
1568 365 1714 410 Petro-

159 421 257 463 nius
283 421 617 476 adprobavisset.
666 422 776 465 unde
801 423 966 465 invidia
985 423 1187 480 Tigellini
1207 425 1330 480 quasi
1351 425 1551 468 adversus
1573 439 1713 468 aemu-

158 480 248 522 lum
279 483 323 523 et
354 480 535 523 scientia
566 482 832 535 voluptatum
863 482 1087 537 potiorem.
1143 497 1246 538 ergo
1279 484 1572 526 crudelitatem
1597 484 1710 539 prin·

161 539 284 594 cipis,
335 539 403 582 cui
446 542 611 582 ceterae
653 540 851 583 libidines
896 541 1119 596 cedebant,
1167 542 1434 598 adgreditur,
1478 543 1712 586 amicitiam

91 608 133 640 15
160 596 355 640 Scaevini
374 598 578 640 Petronio
605 598 838 654 obiectans,
863 602 1065 655 corrupto
1092 601 1145 642 ad
1169 601 1375 644 indicium
1400 616 1522 644 servo
1544 602 1716 657 ademp-

158 659 288 712 taque
320 656 565 699 defensione
598 659 641 699 et
672 658 832 700 maiore
864 660 985 712 parte
1015 659 1208 702 familiae
1238 661 1283 703 in
1314 661 1456 703 vincla
1486 663 1622 716 rapta.

276 715 404 758 Forte
435 716 522 758 illis
555 716 704 758 diebus
736 715 1011 771 Campaniam
1043 719 1255 772 petiverat
1286 718 1455 775 Caesar,
1488 722 1531 762 et
1558 719 1714 763 Cumas

158 789 291 830 usque
334 788 588 830 progressus
625 775 854 818 Petronius
897 776 987 818 illic
1028 777 1307 833 attinebatur3
1350 793 1429 821 nec
1465 779 1566 821 tulit
1601 779 1716 822 ultra

157 834 325 876 timoris
358 837 432 876 aut
463 834 556 890 spei
587 849 741 877 moras.
799 849 935 890 neque
968 839 1113 878 tamen
1137 851 1341 892 praeceps
1371 838 1507 880 vitam
1538 838 1719 895 expulit,

158 893 232 935 sed
262 893 418 936 incisas
451 908 596 949 venaS,
626 896 674 936 ut
703 894 887 950 libitum,
923 894 1139 950 obligatas
1172 896 1338 950 aperire
1369 911 1537 939 rursum
1569 899 1611 939 et
1641 897 1714 939 ad-

111 960 131 993 5
157 952 275 1008 loqui
313 953 493 1007 amicos,
534 967 622 995 non
666 967 741 1008 per
778 953 889 995 seria
927 956 1001 995 aut
1037 954 1191 1009 quibus
1230 955 1413 1011 gloriam
1447 956 1716 999 constantiae

158 1014 333 1066 peteret.
390 1012 675 1067 audiebatque
706 1012 949 1068 referentes,
979 1012 1090 1055 nihil
1122 1013 1172 1055 de
1203 1014 1515 1056 inmortalitate
1545 1015 1715 1058 animae

158 1073 201 1112 et
226 1071 483 1126 sapientium
510 1072 693 1127 placitis,
725 1071 798 1114 sed
822 1072 935 1114 levia
960 1073 1148 1114 carmina
1174 1075 1217 1114 et
1241 1073 1390 1116 faciles
1417 1087 1579 1117 versus.
1629 1087 1715 1116 ser-

155 1144 307 1172 vorum
344 1131 451 1173 alios
488 1130 736 1186 largitione,
778 1130 985 1186 quosdam
1022 1132 1270 1174 verberibus
1311 1131 1476 1175 adfecit.
1537 1133 1635 1175 iniit
1671 1134 1716 1176 et

157 1189 322 1245 epulas,
367 1204 518 1233 somno
556 1190 754 1243 indulsit,
789 1192 838 1232 ut
877 1205 1136 1246 quamquam
1174 1192 1321 1233 coacta
1358 1205 1474 1234 mors
1510 1191 1714 1234 fortuitae

88 1259 131 1291 10
158 1248 310 1290 similis
344 1251 465 1292 esset.
524 1264 577 1291 ne
610 1248 818 1292 codicillis
849 1249 1032 1305 quidem,
1063 1248 1178 1305 quod
1208 1251 1400 1305 plerique
1430 1251 1716 1306 pereuntium,

156 1306 371 1350 Neronem
410 1310 485 1351 aut
516 1308 778 1365 Tigellinum
816 1311 891 1351 aut
922 1323 1048 1364 quem
1080 1309 1212 1351 alium
1242 1309 1484 1364 potentium
1516 1309 1713 1353 adulatus

156 1370 239 1409 est:
278 1367 351 1409 sed
387 1367 553 1424 flagitia
589 1367 797 1424 principis
837 1368 915 1410 sub
952 1368 1198 1411 nominibus
1237 1368 1500 1411 exoletorum
1534 1369 1715 1412 femina—

155 1440 333 1481 rumque
360 1429 403 1468 et
426 1427 664 1470 novitatem
687 1427 889 1483 cuiusque
910 1427 1049 1483 stupri
1067 1427 1318 1484 perscripsit
1337 1429 1465 1483 atque
1485 1428 1715 1484 obsignata

156 1485 275 1527 misit
300 1484 475 1529 Neroni.
518 1486 732 1542 fregitque
759 1486 947 1541 anulum,
971 1501 1027 1528 ne
1052 1501 1153 1529 mox
1177 1487 1413 1547 usui‚esset
1438 1487 1492 1529 ad
1517 1486 1714 1530 facienda

89 1554 131 1586 15
157 1544 356 1599 pericula.

92 716 144 758 19

971 1672 1173 1709 scheinlich
1203 1673 1243 1708 in
1269 1671 1469 1719 Strophen,
1500 1684 1623 1710 versus
1647 1674 1713 1710 da·

971 1731 1091 1766 gegen
1115 1720 1275 1756 Jamben
1307 1720 1396 1756 oder
1425 1720 1609 1766 Dactylen
1640 1732 1715 1757 von

972 1767 1201 1802 satirischem
1233 1767 1321 1803 oder
1357 1767 1553 1803 obscbnem
1578 1767 1713 1805 Inhalt.

155 1672 196 1707 in
227 1672 346 1707 maius
371 1674 541 1718 accipere.
570 1693 611 1699 —
638 1673 897 1718 simplicitatis.

155 1719 243 1754 Man
276 1719 389 1754 nahm
417 1719 516 1756 seine
541 1720 680 1755 derben
705 1720 820 1756 Zoten
846 1720 900 1756 als

157 1765 286 1847 ὃρὲι-Γεθ
323 1767 424 1802 eines
454 1767 667 1803 hai-mlosen
698 1767 899 1803 Menschen

156 1825 203 1848 au
222 1843 228 1850 .

204 1865 236 1896 9.
268 1862 467 1905 revolutus,
502 1861 571 1896 wie
603 1865 642 1905 4,
669 1865 688 1897 9
722 1862 772 1910 agl
802 1872 900 1897 vana

156 1907 242 1945 hist.
275 1912 313 1952 3,
348 1912 392 1943 26
431 1909 481 1944 ad
516 1909 681 1944 inritum.
738 1909 899 1944 Ahnlich

156 1955 269 1991 sehon
293 1955 355 1991 bei
381 1955 518 1992 Cicero.

204 2007 259 2038 10.
292 2004 437 2039 arbiter.
487 2002 623 2038 Hierzu
657 2003 801 2038 stimmt
833 2003 898 2039 der

157 2050 223 2085 auf
251 2050 321 2085 den
353 2050 477 2086 Titeln
508 2050 573 2085 der
609 2050 898 2086 Handschriften

156 2098 334 2133 stehende
366 2098 485 2133 Name
516 2097 710 2133 Petronius
737 2097 895 2133 Arbiter.

156 2144 229 2180 Der
254 2144 430 2180 Beiname
461 2145 578 2180 findet
609 2145 688 2180 sich
716 2144 812 2181 auch
836 2144 898 2180 bei

156 2191 257 2226 einer
283 2191 447 2227 anderen
465 2192 605 2228 Person
631 2192 698 2227 auf
719 2192 821 2228 einer
840 2192 897 2228 In—

158 2238 287 2274 schrift
314 2249 379 2274 aus
405 2239 557 2284 Neapel.

1020 1842 1052 1873 8.
1085 1838 1177 1873 alios
1197 1858 1240 1863 —
1260 1838 1445 1883 quosdam,
1469 1835 1534 1874 ἅπ.
1556 1837 1622 1884 εἰρ.
1644 1839 1714 1876 wie

971 1886 1102 1975 {vigos
1129 1906 1170 1910 —-
1197 1887 1370 1931 quosdam
1396 1889 1458 1931 11,
1487 1889 1517 1921 ’1.
1558 1886 1594 1923 S.
1617 1886 1712 1922 Einl.

1021 2007 1073 2038 11.
1108 2015 1211 2049 quem
1241 2005 1366 2040 alium.
1416 2004 1595 2040 Dasselbe
1625 2004 1713 2040 Pro-

970 2061 1106 2086 nomen
1137 2051 1199 2086 bei
1229 2052 1327 2087 alius
1357 2052 1451 2087 auch
1486 2055 1547 2095 13,
1573 2054 1617 2087 57
1647 2054 1714 2088 aut

970 2109 1039 2143 quo
1053 2099 1127 2134 alio
1139 2099 1295 2135 humore.
1324 2102 1379 2143 14,
1394 2102 1438 2134 33
1458 2099 1605 2134 aliudve
1617 2099 1714 2144 quod

971 2165 1014 2170 —
1047 2147 1303 2182 commercium.
1356 2150 1418 2189 15,
1445 2149 1488 2182 38
1521 2150 1587 2182 aut
1623 2146 1714 2191 quid

970 2193 1084 2228 aliud.
1138 2197 1176 2236 1,
1202 2197 1223 2228 4
1249 2194 1354 2230 aliud
1377 2194 1467 2239 quid
1491 2192 1714 2239 (Konjektur

972 2241 1066 2275 statt
1095 2240 1262 2286 aliquid).
1313 2240 1392 2277 Liv.
1418 2244 1458 2285 5,
1485 2243 1531 2275 54
1559 2241 1714 2276 aliamve

206 2290 260 2321 12.
294 2287 497 2331 adprobare
527 2287 641 2322 alicui
672 2287 814 2331 aliquid
839 2287 898 2331 (=

155 2333 294 2377 efficere
330 2337 371 2368 ut
409 2334 552 2379 aliquid
582 2334 771 2378 probetur)
805 2334 899 2369 auch

159 2384 214 2425 15,
234 2383 290 2417 59.
311 2381 397 2426 Agr.
418 2384 439 2416 5
460 2381 586 2425 prima
611 2384 813 2416 castrorum
836 2392 898 2416 ru—

156 2429 316 2464 dimenta
355 2428 527 2464 Suetonio
568 2428 730 2465 Paulino
767 2429 899 2473 adpro-

158 2476 276 2519 bavit‚·
302 2486 341 2511 so
368 2475 482 2511 sehon
507 2475 568 2511 bei
594 2475 731 2511 Cicero.

208 2527 261 2558 14.
300 2523 513 2569 adyreditur
546 2534 608 2567 „er
639 2522 786 2558 wendet
818 2522 897 2558 sich

158 2572 239 2606 an“.
304 2570 386 2616 Vgl.
426 2570 512 2605 hist.
554 2574 590 2612 1,
624 2574 667 2606 78
706 2570 898 2615 largitione

152 2618 428 2662 provinciarum
454 2618 594 2652 animos
618 2617 818 2662 adyressus.

206 2668 260 2701 15.
300 2663 502 2700 Scaevinus
540 2664 633 2699 wird
673 2667 733 2708 15,
760 2668 803 2700 49
843 2664 897 2699 als

157 2710 390 2747 Teilnehmer
428 2723 476 2747 an
507 2711 573 2746 der
604 2711 899 2757 Verschworung

158 2759 222 2793 des
248 2758 333 2794 Piso
359 2760 539 2804 genannt3
565 2770 605 2794 er
630 2769 706 2794 war
731 2758 897 2794 Senator.

207 2852 268 2888 19.
292 2856 322 2888 7.
343 2854 508 2889 carmina
521 2853 601 2889 sind
616 2852 759 2898 Lieder,
781 2853 896 2889 wahr-

971 2298 1079 2332 quam
1103 2288 1236 2323 urbem.

1022 2362 1074 2393 12.
1094 2359 1160 2393 sub
1179 2358 1389 2394 ‘nominibus
1407 2358 1441 2394 d.
1463 2359 1498 2393 h.
1518 2369 1558 2394 er
1575 2359 1712 2395 nannte

971 2417 1040 2440 nur
1072 2405 1131 2441 die
1158 2405 1303 2440 Namen
1331 2405 1396 2441 der
1420 2405 1620 2451 allgemein
1644 2405 1710 2441 be-

970 2452 1138 2488 kannten
1175 2452 1429 2497 Teilnehmer‚
1474 2464 1516 2488 so
1556 2451 1635 2488 dass
1673 2462 1712 2488 es

972 2499 1077 2535 nicht
1107 2500 1213 2545 notig
1245 2511 1338 2544 war,
1370 2500 1443 2535 den
1466 2500 1564 2536 Nero
1596 2499 1713 2536 selbst

971 2559 1016 2582 zu
1040 2557 1196 2583 nennen.
1246 2547 1330 2592 Vgl.
1357 2550 1389 2590 5,
1416 2550 1439 2582 4
1461 2547 1528 2583 sub
1555 2547 1712 2582 nomini-

971 2595 1037 2630 bus
1061 2595 1317 2630 consularium.
1360 2594 1438 2630 Liv.
1461 2598 1490 2638 1,
1511 2597 1555 2630 36
1577 2594 1644 2629 sub
1663 2594 1712 2629 is-

970 2643 1047 2677 dem
1065 2642 1274 2677 nominibus
1291 2642 1467 2687 appellati
1483 2644 1580 2677 swnt.
1617 2641 1711 2676 Ibid.

1020 2763 1074 2795 14.
1102 2759 1264 2795 anulum.
1297 2759 1371 2795 Der
1385 2757 1592 2804 Siegelring
1604 2758 1711 2794 hatte

972 2818 1034 2841 zur
1053 2806 1262 2852 Falschung
1282 2817 1355 2842 von
1374 2805 1521 2841 Briefen
1539 2805 1615 2841 und
1634 2804 1709 2841 Do-

972 2853 1175 2889 kumenten
1205 2853 1355 2889 benutzt
1379 2852 1525 2889 werden
1549 2853 1711 2891 konnen.
