1786 3120
558 116 703 152 LIBER
726 115 826 152 XIII.
859 115 962 152 CAP.
989 118 1141 152 38—40.

68 225 220 268 nudati
249 225 649 282 propugnatoribus
680 224 805 278 muri,
837 223 981 266 obices
1011 225 1238 278 portarum
1269 223 1482 278 subversi,
1514 228 1642 280 capta
1667 236 1713 268 20

1552 115 1635 159 107

71 299 248 328 escensu
290 286 560 328 munimenta
603 297 836 338 omnesque
884 282 1069 338 puberes
1112 282 1316 324 trucidati
1361 282 1468 337 sint,
1517 285 1639 326 nullo

69 344 207 386 milite
240 344 418 400 amisso,
455 344 603 400 paucis
642 341 873 385 admodum
903 341 1153 384 vulneratis.
1210 343 1254 383 et
1292 341 1452 383 inbelle
1483 343 1640 398 vulgus

70 403 150 445 sub
183 417 342 446 corona
372 403 678 456 venundatum,
707 401 875 468 reliqua
904 401 1064 456 praeda
1095 401 1335 443 victoribus
1362 401 1503 443 cessit.
1547 403 1640 457 pari

69 462 245 505 fortuna
269 463 439 519 legatus
465 477 514 505 ac
538 461 778 517 praefectus
804 460 873 502 usi
898 462 1012 515 sunt,
1035 460 1261 515 tribusque
1286 475 1373 502 una
1398 460 1466 502 die
1487 461 1642 503 castel-

69 522 122 564 lis
155 522 412 578 expugnatis
443 523 585 564 cetera
614 522 778 562 terrore
804 522 848 561 et
873 519 960 561 alia
989 521 1143 574 sponte
1175 519 1418 562 incolarum
1450 519 1496 562 in
1527 520 1641 562 dedi·
1668 529 1713 561 25

69 582 236 624 tionem
273 580 516 623 veniebant.
577 579 691 622 unde
734 581 830 621 orta
872 578 1030 621 fiducia
1073 581 1203 633 caput
1245 578 1389 635 gentis
1427 577 1642 622 Artaxata

72 640 362 697 adgrediendi.
406 654 487 682 nec
517 642 663 682 tamen
694 638 892 694 proximo
925 638 1079 680 itinere
1112 638 1265 680 ductae
1296 638 1501 694 legiones,
1533 653 1642 694 quae

73 700 110 741 si
142 713 311 741 amnem
342 698 537 754 Araxen,
570 698 643 754 qui
674 698 844 740 moenia
876 697 1030 751 adluit,
1061 699 1193 752 ponte
1224 698 1643 754 transgrederentur,

73 758 152 800 sub
184 758 319 800 ictum
351 758 584 800 dabantur:
616 758 767 813 procul
801 759 844 799 et
874 756 1101 799 latioribus
1132 756 1251 799 vadis
1282 757 1505 800 transiere.

191 817 252 859 At
277 816 491 860 Tiridates
523 816 687 872 pudore
719 818 764 858 et
786 818 917 871 metu,
947 830 1002 858 ne
1034 816 1070 858 si
1102 816 1388 858 concessisset
1414 816 1641 872 obsidioni,
1655 815 1716 858 40

72 876 194 918 nihil*
209 876 304 931 opis
335 876 381 918 in
409 876 505 931 ipso
531 876 759 930 videretur,
791 875 829 918 si
852 874 1116 930 prohiberet,
1146 875 1353 930 inpeditis
1378 875 1485 918 locis
1513 890 1643 931 seque

70 938 114 978 et
145 938 364 991 equestres
396 935 542 990 copias
573 935 790 991 inligaret,
821 935 977 977 statuit
1007 936 1227 989 postremo
1254 935 1479 977 ostendere
1508 935 1644 977 aciem

69 996 113 1037 et
155 994 257 1038 dato
302 995 369 1036 die
412 995 626 1049 proelium
668 994 856 1049 incipere
893 994 964 1036 vel
1006 993 1283 1036 simulatione
1326 993 1457 1049 fugae
1499 994 1643 1036 locum

68 1054 211 1096 fraudi
247 1068 413 1108 parare.
475 1054 608 1109 igitur
645 1055 821 1108 repente
860 1066 1017 1108 agmen
1048 1053 1294 1095 Romanum
1326 1053 1644 1108 circumfundit,

67 1127 158 1155 non
189 1113 343 1169 ignaro
375 1113 480 1155 duce
505 1115 670 1168 nostro,
702 1112 776 1168 qui
801 1112 895 1154 viae
926 1111 1090 1166 pariter
1116 1114 1158 1154 et
1188 1126 1362 1168 pugnae
1394 1127 1646 1168 composue-

68 1175 138 1214 rat
169 1172 413 1215 exercitum.
474 1172 609 1214 latere
647 1172 798 1214 dextro
830 1171 959 1213 tertia
995 1171 1128 1227 legio,
1169 1172 1346 1214 sinistro
1379 1174 1501 1214 sexta
1533 1172 1646 1214 ince-

70 1231 217 1287 debat,
248 1231 402 1273 mediis
434 1231 771 1274 decumanorum
797 1230 994 1285 delectis3
1025 1232 1199 1285 recepta
1224 1230 1340 1272 inter
1364 1230 1537 1273 ordines
1569 1231 1647 1272 im-

69 1290 330 1346 pedimenta,
363 1293 408 1332 et
437 1292 610 1345 tergum
641 1291 760 1332 mille
793 1289 960 1344 equites
991 1290 1239 1345 tuebantur,
1271 1289 1428 1345 quibus
1459 1290 1646 1332 iusserat

69 1351 119 1391 ut
148 1349 417 1392 instantibus
449 1350 690 1392 comminus
722 1349 989 1403 resisterent,
1027 1348 1203 1404 refugos
1234 1362 1324 1391 non
1355 1351 1645 1404 sequerentur.

69 1409 116 1450 in
153 1409 353 1451 cornibus
391 1408 520 1463 pedes
560 1409 814 1465 sagittarius
853 1410 896 1450 et
933 1410 1077 1450 cetera
1114 1422 1268 1450 manus
1308 1408 1502 1463 equitum
1541 1408 1647 1464 ibat,

71 1467 348 1523 productiore
373 1482 508 1510 cornu
534 1468 709 1511 sinistro
740 1482 819 1523 per
847 1467 936 1509 ima
961 1467 1150 1523 collium,
1181 1469 1241 1520 ut,
1273 1467 1310 1509 si
1341 1467 1481 1510 hostis
1513 1468 1646 1510 intra-

120 1612 176 1643 21.
203 1618 366 1643 escensus
391 1609 451 1653 (=
477 1608 647 1653 escensio)
678 1608 730 1643 ist
755 1603 820 1643 ἅπ.

75 1654 142 1698 εἰρ.
168 1654 221 1690 1111
246 1654 390 1690 Latein.

120 1707 177 1738 23.
203 1703 308 1739 cessit
327 1702 454 1747 „ward
472 1702 724 1748 iiberlassen“,
749 1701 821 1738 wie

74 1754 130 1794 14,
157 1753 213 1785 36.
265 1749 312 1785 So
344 1749 543 1785 besonders
568 1749 696 1786 Livius
722 1762 751 1784 z.
779 1749 820 1785 B.

74 1801 131 1840 31,
163 1800 209 1832 46
253 1797 401 1841 captiva
444 1808 599 1842 corpora
642 1796 823 1832 Romanis

74 1855 214 1880 cessere.
265 1847 323 1887 43,
352 1847 394 1879 19
420 1845 584 1888 praedae
616 1845 696 1880 alia
725 1845 821 1879 mili-

73 1895 151 1927 tum
176 1901 316 1927 cessere.
362 1890 435 1926 Cic.
463 1891 566 1926 Verr.
587 1895 609 1926 2
635 1894 666 1933 §.
690 1895 758 1926 170
782 1893 825 1926 ut

74 1939 185 1974 etiam
208 1939 267 1973 hic
292 1941 462 1983 quaestus
485 1939 572 1973 huic
596 1939 742 1974 cederet.

123 1989 180 2021 25.
200 1986 243 2020 In
263 1986 328 2020 der
342 1986 447 2021 sonet
458 1985 826 2031 ungebr‘auchlichen

78 2032 324 2078 Verbindung
354 2036 472 2068 cetera
501 2052 547 2058 -
578 2036 611 2068 et
642 2033 721 2068 alia
755 2032 826 2068 soll

76 2081 142 2116 das
160 2079 291 2116 zweite
311 2079 423 2115 Glied
448 2080 533 2115 dem
559 2081 683 2115 ersten
701 2081 826 2115 unter-

75 2127 258 2182 geordnet
278 2127 439 2163 werden.
466 2120 566 2163 Uber
585 2131 618 2162 et
631 2127 701 2163 alii
717 2126 826 2172 (ohne

77 2175 198 2219 ceteri)
213 2186 240 2210 8.
255 2186 300 2210 zu
316 2178 372 2219 12,
389 2178 446 2211 41.
463 2194 505 2200 -
520 2178 646 2219 sponte
659 2173 731 2209 mit
744 2174 830 2210 dem

77 2221 236 2258 Genetiv
254 2221 326 2257 wie
345 2202 379 2266 4,
399 2226 455 2257 51.
478 2225 534 2267 12,
554 2225 599 2257 42
623 2222 701 2257 und
721 2220 828 2257 oster.

125 2261 310 2304 26111161
334 2269 394 2305 (116
421 2270 524 2315 Lage
550 2280 623 2305 von
646 2270 830 2305 Artaxata

79 2329 107 2352 8.
133 2329 179 2351 zu
206 2320 260 2360 12,
289 2319 345 2351 50.

126 2367 184 2399 29.
223 2364 421 2399 dabantwr.
470 2363 830 2410 Vg1.Livius·ad

78 2414 215 2447 terram
257 2411 385 2453 datus,
428 2411 472 2446 in
511 2422 686 2456 praeceps
729 2411 827 2447 dare.

81 2457 228 2494 Cicero:
254 2459 344 2494 dare
367 2468 402 2493 se
426 2458 469 2493 im
491 2458 630 2503 fuyam.

127 2551 193 2588 4⁴).
223 2556 253 2588 1.
284 2552 473 2587 concedere
497 2552 731 2597 „geschehen
755 2552 829 2588 las-

83 2610 165 2642 sen,
198 2600 411 2644 gestatten“
444 2599 559 2634 8011011
589 2599 652 2635 bei
683 2599 758 2635 Cic.

82 2645 175 2681 Mur.
205 2650 249 2682 23
281 2647 575 2692 postulationi,
579 2646 657 2691 ,der
692 2646 830 2682 Forde-

81 2705 179 2776 mag
191 2694 460 2786 113ξὲξὲἑὲῑὲ
456 2744 490 2776 et
527 2752 554 2775 s.
587 2739 684 2774 Einl.
716 2743 746 2782 §-
774 2743 832 2775 65.

132 2793 165 2823 3.
191 2789 350 2834 inliyare
375 2789 470 2824 statt
493 2788 686 2832 impedire,
712 2787 833 2832 impli-

85 2845 168 2870 care
198 2836 294 2871 auch
327 2838 429 2879 15,1
463 2836 574 2871 bellis.
613 2833 701 2870 hist.
729 2838 762 2878 3,
787 2838 833 2869 46

85 2884 232 2918 externo
263 2883 363 2918 bello.
409 2882 483 2918 Cic
517 2882 563 2917 de
596 2883 689 2918 orat.
722 2884 755 2926 2,
790 2885 834 2916 14

895 1607 1064 1689 aghilqustis
1088 1610 1121 1642 et
1146 1607 1301 1643 concisis
1333 1607 1649 1653 disputationibus

893 1666 909 1690 1
951 1666 965 1689 1
992 1666 1015 1690 a
1032 1666 1057 1689 1.

942 1665 991 1736 4?
1001 1702 1089 1737 dato
1114 1701 1174 1737 die
1199 1712 1272 1747 „an
1292 1701 1414 1737 einem
1437 1701 1648 1747 passenden

895 1749 1023 1794 Tage“
1048 1748 1120 1784 wie
1145 1752 1180 1793 4,
1206 1752 1252 1784 40
1284 1749 1372 1785 dato
1397 1752 1554 1794 tempore
1579 1761 1648 1794 „zu

894 1796 1097 1841 gelegener
1121 1796 1240 1831 Zeit“.

942 1846 977 1878 5.
1003 1843 1296 1887 circumfundere
1321 1844 1478 1888 aliquem
1503 1843 1651 1878 scheint

896 1889 1648 1982 ἰῑῇῗηέθέηὲἔ-Θῗέᾶῗῧωῗοῗὲἓῇῗὲἒ·

898 1985 991 2027 dere,
1018 1984 1108 2020 oder
1133 1995 1172 2019 68
1192 1984 1295 2019 steht
1320 1984 1387 2020 das
1407 1984 1551 2030 Passiv,
1577 1984 1648 2021 wic

899 2031 1014 2067 schon
1039 2031 1101 2067 bei
1127 2031 1273 2067 Caesar.

908 2080 910 2082 ’
948 2083 980 2114 6.
1011 2079 1093 2114 viae
1124 2079 1271 2123 pao-iter
1309 2082 1343 2114 et
1372 2089 1542 2124 puynae,
1579 2078 1652 2114 mit

900 2125 1116 2161 demselben
1127 2126 1242 2161 Dativ
1262 2126 1327 2162 des
1348 2125 1522 2161 Zweckes
1541 2127 1651 2171 (statt

902 2173 966 2218 ad)
997 2172 1112 2209 heisst
1142 2184 1181 2209 68
1209 2177 1240 2218 1,
1267 2177 1310 2208 51
1343 2174 1558 2219 incessitque
1587 2174 1650 2210 iti·

901 2221 982 2256 neri
1006 2223 1039 2255 et
1057 2221 1210 2276 proelio.
1255 2220 1292 2257 S.
1318 2219 1416 2275 Einl.
1441 2224 1472 2263 ξ.
1499 2225 1557 2266 31,
1576 2220 1613 2256 b.

901 2268 1149 2369 wegchszl‘iidrig
1174 2268 1428 2351 st—attderitegdiz’
1447 2267 1652 2352 —zurdelgz-ti

902 2375 966 2408 „m
990 2363 1056 2398 der
1074 2362 1185 2398 Mitte
1204 2373 1330 2399 waren
1349 2362 1650 2408 Ausgewahlte“.

950 2414 982 2446 9.
1010 2410 1168 2445 iusserat
1197 2413 1250 2446 ut.
1300 2410 1412 2445 Diese
1443 2410 1652 2445 Konstruk-

900 2458 983 2493 tion
1001 2468 1074 2493 von
1092 2457 1216 2493 iubere
1234 2457 1287 2492 ist
1303 2456 1365 2492 bei
1383 2456 1469 2491 Tac.
1491 2452 1556 2492 ἅπ.
1571 2455 1654 2502 εἰει,

902 2505 1005 2540 steht
1022 2504 1112 2539 aber
1125 2504 1240 2539 schon
1253 2503 1456 2539 vereinzelt
1469 2503 1529 2538 bei
1543 2504 1653 2539 Plau·

902 2553 983 2596 tus,
1022 2549 1168 2596 Cicero,
1205 2550 1352 2595 Livius,
1391 2550 1541 2586 Curtius
1576 2551 1654 2586 und

792 2611 830 2644 p.
902 2598 996 2633 wird
1020 2597 1073 2632 im
1099 2597 1311 2643 Spatlatein
1334 2597 1472 2643 haufig.

954 2648 1009 2680 10.
1035 2645 1186 2690 refuyus
1209 2656 1279 2679 nur
1305 2644 1387 2680 hier
1411 2644 1488 2679 und
1512 2644 1552 2679 in
1583 2645 1655 2680 den

904 2690 1113 2736 Historien3
1141 2691 1351 2727 ausserdem
1375 2691 1436 2727 bei
1457 2691 1554 2727 Ovid
1578 2692 1656 2728 und

906 2739 958 2774 im
985 2738 1173 2775 silbernen
1198 2738 1343 2774 Latein.

955 2790 1010 2822 12.
1026 2787 1275 2832 productiore,
1294 2785 1355 2821 ein
1368 2785 1532 2822 seltener
1543 2786 1655 2822 Kom-

905 2833 1066 2916 fiarativ,
1093 2833 1190 2870 doch
1209 2833 1324 2870 echon
1351 2833 1414 2868 bei
1433 2832 1561 2870 Cicero
1578 2834 1657 2869 und

944 2892 1040 2918 oraz.

1673 1359 1720 1391 10
