1794 3126
92 583 149 627 58

164 120 250 163 162

595 119 828 156 CORNELII
852 119 1014 156 TACITI
1037 119 1301 156 ANNALIUM

159 243 317 272 norum
348 229 619 271 imitamenta
649 228 882 284 praeferre,
914 228 1140 283 adsumpta
1172 228 1303 270 etiam
1329 228 1570 273 Stoicorum
1603 231 1734 275 adro*

161 289 314 344 gantia
339 290 550 344 sectaque,
579 302 687 344 quae
717 287 914 331 turbidos
941 290 984 330 et
1007 288 1281 343 negotiorum
1308 288 1557 343 adpetentes
1583 290 1732 334 faeiat.

160 362 239 391 nec
269 348 385 389 ultra
409 362 543 389 mora.
593 347 712 390 Sulla
741 349 861 389 sexto
894 346 961 389 die
991 347 1205 402 pervectis
1230 346 1474 390 Massiliam
1504 363 1729 404 percusso-

161 407 283 449 ribus
315 407 415 448 ante
446 409 608 448 metum
634 408 677 448 et
701 420 918 448 rumorem
949 406 1215 460 interficitur,
1246 421 1343 449 cum
1369 408 1572 463 epulandi
1597 423 1734 452 causa

162 527 333 567 matura
365 525 521 567 canitie
553 524 755 567 deforme.

90 475 137 508 20
163 465 461 508 discumberet.
504 466 718 520 perlatum
745 467 876 519 caput
902 464 993 507 eius
1025 465 1175 507 inlusit
1202 464 1319 508 Nero
1350 468 1573 522 tamquam
1603 482 1732 523 prae-

284 584 439 626 Plauto
489 583 634 637 parari
677 596 824 624 necem
867 596 955 624 non
998 583 1174 637 perinde
1219 585 1431 626 occultum
1475 584 1576 642 fuit,
1626 587 1734 642 quia·

163 643 360 698 pluribus
406 642 522 684 salus
566 641 656 683 eius
700 641 950 697 curabatur,
993 644 1035 683 et
1073 643 1260 696 spatium
1303 644 1470 687 itineris
1509 659 1558 687 ac
1595 646 1733 689 maris

161 705 419 756 tempusque
439 700 713 742 interiectum
732 703 928 743 moverat
948 700 1128 755 famam3
1147 702 1362 758 vulgoque
1377 704 1601 759 fingebant
1618 705 1734 760 peti--

159 762 253 803 tum
286 761 340 802 ab
373 774 422 802 eo
455 758 763 814 Corbulonem,
796 759 966 815 magnis
997 762 1090 802 tum
1121 761 1377 804 exercitibus
1408 763 1728 817 praesidentem-

113 830 134 861 5
162 822 222 875 et,
254 819 359 862 clari
393 821 521 875 atque
551 819 745 861 insontes
775 819 814 861 si
843 818 1199 875 interficerentur,
1228 820 1502 876 praecipuum
1534 823 1587 864 ad
1618 823 1728 878 peri-

164 880 273 921 cula.
329 878 431 933 quin
464 880 507 921 et
537 878 690 920 Asiam
721 877 867 920 favore
898 878 1064 921 iuvenis
1097 893 1218 920 arma
1249 879 1423 935 cepisse,
1456 895 1534 923 nec
1566 882 1730 925 milites

161 938 216 981 ad
261 938 399 981 scelus
445 937 601 980 missos
646 939 722 979 aut
764 951 943 980 numero
987 937 1153 980 validos
1198 940 1273 980 aut
1309 939 1453 981 animo
1489 943 1727 996 promptos,

159 999 391 1053 postquam
428 997 547 1039 iussa
585 996 752 1039 efficere
783 997 1076 1052 nequiverint,
1114 996 1167 1039 ad
1200 1011 1296 1052 spes
1334 1011 1468 1040 novas
1505 1001 1732 1043 transisse-

161 1071 272 1099 vana
308 1056 417 1099 haec
447 1070 566 1098 more
603 1056 745 1098 famae
784 1056 1048 1098 credentium
1080 1056 1169 1098 otio
1201 1057 1483 1112 augebantur.
1538 1061 1730 1101 ceterum

92 1127 134 1159 10
161 1116 343 1158 libertus
381 1115 527 1157 Plauti
565 1115 783 1157 celeritate
820 1117 1046 1158 ventorum
1090 1116 1311 1170 praevenit
1353 1116 1644 1159 centurionem
1683 1120 1734 1161 et

160 1175 365 1217 mandata
401 1174 447 1217 L.
479 1174 659 1217 Antistii
698 1174 834 1216 soceri
872 1174 1036 1216 attulit:
1075 1174 1282 1230 effugeret
1319 1189 1496 1231 segnem
1533 1179 1734 1233 mortem,

162 1235 356 1277 omnium
389 1234 640 1290 suffugium3
674 1248 725 1275 ex
755 1234 904 1289 magni
934 1234 1120 1276 nominis
1153 1234 1427 1277 miseratione
1458 1238 1731 1290 reperturum

159 1294 316 1349 bonos,
371 1293 714 1336 consociaturum
771 1293 962 1335 audaces.

1038 1293 1205 1335 nullum
1260 1293 1434 1336 interim
1490 1295 1725 1338 subsidium

163 1352 492 1408 aspernandum.
537 1353 574 1394 si
606 1352 831 1408 sexaginta
856 1352 1014 1394 milites
1041 1350 1128 1409 (tot
1153 1352 1267 1394 enim
1294 1352 1597 1411 adveniebant)
1628 1369 1738 1409 pro-..

91 1423 135 1454 15
164 1412 360 1467 pulisset,
385 1411 486 1454 dum
511 1411 694 1454 refertur
711 1411 889 1453 nuntius
909 1410 1086 1466 Neroni,
1112 1411 1212 1453 dum
1231 1425 1384 1455 manus
1411 1412 1497 1454 alia
1522 1416 1733 1469 permeat,

163 1471 302 1513 multa
330 1473 529 1513 secutura
559 1485 668 1526 quae
695 1471 885 1526 adusque
911 1471 1074 1513 bellum
1100 1471 1398 1513 evalescerent.
1443 1471 1626 1528 denique
1653 1475 1732 1515 aut

162 1531 344 1572 salutem
381 1530 463 1573 tali
500 1530 679 1572 consilio
720 1530 884 1585 quaeri,
924 1532 999 1572 aut
1037 1529 1145 1571 nihil
1183 1531 1355 1586 gravius
1389 1530 1565 1573 audenti
1600 1546 1732 1587 quam.

160 1589 320 1645 ignavo
352 1589 601 1645 patiendum
635 1603 738 1631 esse.

209 1709 264 1741 16.
297 1697 397 1741 Uber
427 1706 494 1741 das
526 1705 666 1741 seltene
703 1705 904 1740 imitamen-

158 1755 236 1788 tum
255 1766 281 1789 s.
302 1765 346 1788 zu
366 1757 421 1796 13,
442 1756 474 1788 4.
496 1773 539 1778 -
567 1753 800 1798 adrogantia,
819 1752 906 1787 weil

160 1800 220 1836 die
242 1799 402 1844 Stoiker,
429 1812 474 1835 zu
498 1800 617 1836 denen
635 1812 668 1834 u.
691 1811 724 1834 a.
744 1799 906 1835 Thrasea.

159 1847 332 1893 gehorte‚
363 1848 564 1892 Anh'anger
594 1847 659 1882 der
689 1847 905 1892 republika-

160 1894 315 1931 nischen
339 1894 571 1939 Verfassung
594 1905 728 1930 waren.

208 1946 262 1978 17.
307 1942 478 1977 turbidus
521 1943 615 1977 statt
663 1942 905 1984 turbulentus,

157 1990 367 2033 seditiosus,
403 1989 443 2024 in
474 1988 614 2024 diesem
646 1989 757 2025 Sinne
792 1989 903 2024 nach-

158 2036 359 2080 klassisch‚
386 2036 483 2072 doch
507 2036 568 2071 bei
591 2035 677 2072 Tac.
703 2036 840 2082 haufig.
860 2056 905 2062 --

159 2085 305 2130 neyotia
330 2084 412 2119 sind
439 2083 778 2129 Staatsgeschafte‚
810 2083 905 2128 poli-

158 2131 279 2167 tische
305 2131 536 2176 Thatigkeit.
562 2151 608 2157 —
640 2132 812 2176 adpetens
837 2130 907 2166 mit

160 2179 244 2214 dem
265 2177 424 2214 Genetiv
443 2179 539 2213 auch
565 2178 649 2214 hist.
673 2182 703 2221 1,
723 2182 779 2213 49.
807 2181 840 2222 3,
859 2181 904 2213 39

159 2225 236 2260 und
274 2225 387 2269 often
426 2225 541 2261 sehon
577 2225 640 2260 bei
671 2224 797 2261 Cicero
829 2225 905 2259 und

160 2272 309 2308 Sallust.

208 2323 264 2355 20.
302 2323 505 2365 tamquam,
548 2319 697 2364 kausal,
742 2332 767 2355 s.
807 2318 902 2355 Einl.

207 2461 271 2497 58.
303 2465 335 2496 2.
363 2472 406 2497 ac
430 2463 554 2498 maris.
591 2461 717 2496 Durch
742 2472 786 2496 ac
809 2460 905 2496 wird

159 2509 245 2544 dem
259 2508 517 2555 Allgemeinen
537 2509 603 2544 das
626 2508 805 2554 Spezielle
825 2508 904 2543 hin-

160 2556 353 2602 zugeffigt,
391 2556 462 2591 wie
494 2556 574 2592 Liv.
608 2560 640 2601 ⁷,
671 2559 713 2590 13
751 2556 825 2591 viri
862 2565 906 2591 ac

159 2603 330 2640 Romani.
358 2607 414 2648 23,
435 2607 479 2639 33
508 2604 825 2648 Carthayinienses
850 2606 904 2638 at-

160 2662 226 2695 que
251 2651 456 2687 Hannibal.

207 2702 240 2733 3.
262 2699 419 2742 petitum
438 2699 502 2734 ctt.
530 2715 575 2728 =
597 2699 800 2743 profectum
826 2709 905 2733 eum

159 2745 209 2779 ad
236 2745 482 2781 Corbulonem.

207 2796 239 2828 4.
261 2793 471 2836 praesidere
489 2793 664 2828 exercitui
684 2793 776 2829 statt
799 2803 904 2837 prae-

159 2848 232 2874 esse
250 2838 300 2874 ist
319 2839 611 2876 nachklassisch.
645 2841 686 2875 In
711 2839 905 2875 derselben

159 2885 381 2932 Bedeutung
411 2887 482 2923 mit
513 2887 596 2923 dem
623 2885 837 2923 Accusativ:
871 2890 905 2930 3,

979 1708 1023 1740 39
1056 1706 1090 1740 is
1117 1705 1329 1750 proximum
1360 1707 1554 1742 exercitum
1587 1709 1727 1752 praesi-

978 1753 1094 1788 debat.

1026 1803 1058 1835 5.
1097 1800 1146 1835 ad
1176 1800 1363 1844 pericula,
1405 1798 1571 1835 namlich
1610 1801 1730 1836 susci-

974 1847 1125 1892 pienda.

1026 1898 1057 1930 9.
1084 1894 1156 1930 otio
1180 1893 1331 1930 bezieht
1349 1893 1430 1930 sich
1456 1893 1521 1929 auf
1543 1893 1603 1929 die
1622 1895 1724 1930 zahl-

976 1941 1127 1977 reichen
1175 1941 1502 1987 unbeschaftigten
1550 1941 1730 1978 Pflaster-

976 1990 1092 2025 treter
1115 1988 1153 2023 in
1179 1988 1285 2024 Rom.
1313 2009 1358 2015 —
1391 1992 1542 2024 ceterum
1567 1989 1663 2024 statt
1685 1999 1732 2024 rev

976 2047 1062 2082 vera
1081 2039 1201 2072 autem
1221 2036 1296 2071 erst
1315 2036 1354 2071 in
1375 2035 1444 2071 den
1462 2034 1631 2071 Annalen
1650 2035 1722 2071 wie

980 2087 1010 2127 1,
1039 2087 1093 2119 10.
1134 2087 1188 2127 15,
1215 2086 1271 2119 51.
1311 2087 1366 2128 16,
1394 2086 1448 2120 32.
1508 2083 1620 2119 Sonst
1654 2094 1727 2118 nur

977 2130 1039 2166 bei
1066 2131 1217 2166 Sueten.

1027 2193 1081 2225 11.
1113 2180 1214 2225 Uber
1250 2188 1290 2224 L.
1323 2189 1508 2225 Antistius
1539 2189 1656 2225 Vetus
1695 2201 1728 2226 s,

978 2249 1021 2272 zu
1050 2241 1103 2281 13,
1134 2241 1187 2272 11.

1026 2299 1080 2332 12.
1107 2294 1197 2330 Dass
1229 2296 1294 2332 der
1318 2297 1398 2332 Tod
1423 2296 1583 2332 omnium
1606 2296 1722 2341 suffu-

975 2343 1076 2388 gium
1107 2345 1274 2388 genannt
1305 2344 1413 2389 wird,
1451 2343 1502 2379 ist
1530 2343 1619 2379 keiu
1651 2343 1721 2379 Ge-

975 2390 1728 2482 aar2150223tsszsss..3222a}{

976 2485 1135 2520 werden.

1027 2547 1080 2579 15.
1107 2544 1194 2579 dum
1212 2544 1283 2579 mit
1302 2545 1386 2580 dem
1406 2543 1526 2579 Indik.
1547 2543 1611 2578 des
1631 2543 1721 2578 Pra-

978 2602 1062 2626 sens
1087 2590 1126 2626 in
1157 2591 1363 2627 indirekter
1387 2592 1505 2635 Rode,
1538 2602 1565 2625 s.
1592 2602 1636 2625 zu
1663 2594 1725 2635 13,

978 2641 1023 2673 15
1049 2649 1109 2673 am
1135 2638 1248 2675 Ende.

1027 2701 1082 2732 16.
1109 2698 1280 2743 adusque,
1306 2698 1409 2733 sonst
1432 2708 1502 2732 nur
1527 2695 1586 2732 bei
1608 2696 1724 2732 Dich-

977 2746 1060 2780 tern
1079 2745 1154 2780 und
1175 2744 1366 2790 spateren,
1391 2744 1441 2779 ist
1465 2743 1525 2779 bei
1545 2743 1632 2779 Tac.
1654 2739 1720 2780 ἄπ’.

978 2791 1044 2836 εἰρ.
1075 2812 1119 2818 --
1151 2793 1342 2827 evalescere
1365 2791 1460 2826 auch
1486 2789 1609 2827 Germ.
1637 2794 1658 2826 2
1683 2803 1720 2826 u.

978 2842 1023 2875 28
1048 2839 1125 2874 und
1148 2839 1233 2874 hist.
1262 2843 1293 2882 1,
1320 2841 1374 2874 80.
1409 2837 1627 2873 Ausserdem
1658 2837 1724 2874 bei

977 2886 1155 2922 Dichtern
1179 2885 1254 2920 und
1285 2885 1337 2920 im
1367 2884 1552 2920 silbernen
1577 2885 1724 2920 Latein.
