1812 3112
147 333 204 376 68

139 984 198 1027 69

222 102 279 144 74
651 101 880 138 CORNELII
904 101 1067 139 TACITI
1090 100 1351 138 ANNALIUM

219 210 369 267 rapido
407 225 570 253 veneno
607 211 776 253 inlitam
812 210 1007 253 faucibus
1045 210 1136 253 eius
1171 210 1392 253 demisisse
1423 210 1626 266 creditur,
1663 210 1780 254 haud

219 271 396 327 ignarus
417 285 584 312 summa
604 271 767 312 scelera
784 269 918 324 incipi
937 284 1033 312 cum
1054 269 1258 325 periculo,
1282 269 1433 325 peragi
1453 284 1549 312 cum
1574 270 1778 324 praemio.

337 328 588 372 Vocabatur
617 329 790 372 interim
822 331 996 371 senatus
1027 331 1211 384 votaque
1241 343 1320 383 pro
1346 328 1639 371 incolumitate
1663 329 1778 384 prin-

219 388 326 444 cipis
364 389 560 432 consules
598 390 641 430 et
678 388 919 431 sacerdotes
955 388 1280 443 nuncupabant,
1317 402 1415 430 cum
1451 387 1540 430 iam
1570 388 1779 431 exanimis

218 448 411 491 vestibus
455 450 499 490 et
538 448 740 490 fomentis
778 447 1096 503 obtegeretur,
1112 448 1213 489 dum
1248 460 1352 500 quae
1387 446 1532 489 forent
1567 447 1778 491 firmando

217 506 403 550 Neronis
434 507 613 562 imperio
645 509 973 562 componuntur.

1033 506 1122 548 iam
1150 506 1338 561 primum
1368 505 1627 562 Agrippina,
1661 506 1780 550 velut

169 581 192 612 5
219 566 364 609 dolore
402 566 540 608 evicta
578 568 621 608 et
658 565 818 608 solacia
852 565 1124 621 conquirens,
1160 567 1304 608 tenere
1336 565 1549 632 amplexu
1563 564 1778 608 Britanni-

218 640 333 679 cum,
368 639 513 667 veram
549 625 717 680 paterni
755 624 841 666 oris
862 624 1065 680 effigiem
1103 624 1317 680 appellare
1355 639 1403 667 ac
1441 624 1573 667 variis
1613 624 1778 668 artibus

221 684 446 739 demorari,
476 698 531 726 ne
563 684 758 726 cubiculo
793 683 1076 738 egrederetur.
1125 683 1360 726 Antoniam
1392 697 1561 739 quoque
1586 686 1630 725 et
1653 683 1780 727 Octa-

217 743 332 785 viam
358 757 527 786 sorores
554 743 645 785 eius
672 743 862 797 attinuit,
887 744 930 784 et
954 745 1131 785 cunctos
1156 742 1296 785 aditus
1323 742 1528 786 custodiis
1554 743 1778 798 clauserat,

217 802 451 858 crebroque
487 802 698 858 vulgabat
732 801 795 843 ire
831 802 876 843 in
913 801 1064 844 melius
1101 801 1388 844 valetudinem
1424 801 1650 858 principis,
1692 816 1776 859 quo

147 877 191 907 10
216 861 341 904 miles
384 862 500 904 bona
542 862 590 903 in
633 876 707 916 spe
748 862 897 917 ageret
931 863 1187 916 tempusque
1224 874 1476 916 prosperum
1513 875 1565 903 ex
1600 861 1776 904 monitis

217 919 529 963 Chaldaeorum
561 919 826 963 adventaret.

331 980 448 1022 Tunc
486 979 626 1022 medio
658 979 744 1022 diei
773 979 950 1021 tertium
982 980 1082 1020 ante
1113 978 1214 1021 Idus
1247 977 1465 1034 Octobris,
1501 978 1667 1022 foribus
1698 950 1774 1034 pa-

211 1038 307 1080 latii
338 1041 513 1094 repente
549 1039 749 1093 diductis,
787 1038 1022 1081 comitante
1052 1037 1192 1080 Burro
1223 1036 1340 1080 Nero
1372 1037 1591 1093 egreditur
1622 1038 1675 1080 ad
1706 1052 1774 1081 co-

209 1097 390 1154 hortem,
423 1113 531 1154 quae
562 1112 680 1140 more
711 1098 889 1140 militiae
921 1097 1110 1139 excubiis
1141 1097 1274 1140 adest.
1329 1097 1391 1139 ibi
1422 1098 1623 1139 monente
1653 1111 1774 1151 prae—

210 1156 323 1199 fecto
372 1157 528 1200 faustis
578 1157 754 1200 vocibus
799 1159 1001 1211 exceptus
1044 1156 1205 1199 inditur
1246 1156 1435 1199 lecticae.

1507 1155 1772 1199 dubitavisse

162 1232 184 1264 5
211 1216 419 1271 quosdam
461 1216 623 1272 ferunt,
671 1218 964 1271 respectantes
1013 1216 1335 1272 rogitantesque
1377 1215 1453 1257 ubi
1495 1214 1771 1258 Britannicus

211 1278 344 1318 esset:
377 1290 477 1318 mox
507 1276 626 1318 nullo
657 1276 703 1318 in
734 1275 950 1318 diversum
981 1278 1153 1318 auctore
1185 1289 1294 1330 quae
1320 1274 1610 1317 offerebantur
1635 1274 1770 1317 secuti

209 1337 320 1378 sunt.
380 1335 624 1391 inlatusque
661 1335 813 1378 castris
843 1334 960 1377 Nero
998 1336 1041 1376 et
1077 1333 1356 1390 congruentia
1386 1333 1573 1388 tempori
1601 1332 1770 1388 praefa-

207 1395 296 1449 tus,
326 1394 541 1449 promisso
574 1394 780 1437 donativo
813 1394 867 1436 ad
898 1393 1139 1448 exemplum
1169 1395 1373 1448 paternae
1404 1392 1661 1448 largitionis,
1691 1392 1772 1435 im-

206 1455 381 1507 perator
412 1454 721 1496 consalutatur.
783 1453 1043 1496 sententiam
1074 1452 1261 1495 militum
1292 1454 1439 1495 secuta
1468 1453 1641 1508 patrum
1671 1465 1768 1494 con-

139 1528 183 1561 10
210 1512 341 1564 sulta,
378 1527 457 1555 nec
489 1513 731 1555 dubitatum
762 1514 828 1554 est
859 1512 972 1567 apud
1002 1512 1259 1567 provincias.
1319 1511 1610 1566 caelestesque
1639 1510 1771 1553 hono-

209 1585 276 1613 res
309 1570 488 1614 Claudio
528 1571 811 1614 decernuntur
849 1573 892 1613 et
928 1570 1090 1612 funeris
1128 1570 1335 1612 sollemne
1371 1569 1547 1624 perinde
1584 1584 1634 1611 ac
1671 1569 1771 1612 divo

206 1696 323 1734 Essen
359 1710 438 1734 war
478 1699 593 1735 schon
624 1710 667 1734 zu
699 1698 846 1734 Ciceros
875 1697 955 1733 Zeit

207 1756 247 1781 so
280 1746 532 1791 gewohnlich,
565 1745 647 1781 dass
683 1757 723 1782 er
754 1746 794 1781 iu
827 1745 954 1781 seinen

207 1791 356 1829 Briefen
375 1793 499 1829 davon
517 1793 659 1839 spricht
677 1793 747 1828 wie
764 1804 838 1829 von
851 1792 953 1829 einer

205 1840 453 1885 alltaglichen
472 1840 602 1876 Sache.
640 1839 829 1886 Vg1.s0n.
852 1851 951 1876 cons.

205 1887 254 1922 ad
285 1887 393 1923 Helv.
427 1892 460 1931 9,
494 1892 537 1923 10
575 1891 725 1924 vomunt
759 1891 802 1923 ut
831 1888 952 1931 edant,

206 1935 320 1970 edunt
343 1938 386 1970 ut
409 1939 565 1971 vomant.

253 2028 316 2065 68.
341 2033 373 2065 3.
393 2030 481 2065 dum
493 2029 613 2075 hangt
624 2040 697 2065 von
710 2029 831 2065 einem
845 2028 952 2065 Satze

204 2076 277 2111 mit
301 2087 382 2112 cwm
407 2077 473 2121 ab,
498 2076 569 2112 wie
595 2076 685 2112 dial.
714 2081 744 2112 1.

255 2127 286 2159 7.
327 2123 495 2160 Antonia
524 2124 575 2159 ist
605 2123 665 2159 die
697 2124 859 2159 Tochter
890 2123 955 2159 der

203 2170 381 2215 Paetina,
421 2170 576 2207 Octavia
609 2171 686 2206 und
716 2170 953 2207 Britannicus

205 2216 288 2253 sind
313 2218 454 2253 Kinder
477 2218 544 2253 der
568 2218 780 2255 Messalina.

254 2268 286 2301 9.
313 2266 367 2300 ire
385 2266 427 2300 in
444 2266 583 2301 melius.
615 2257 716 2301 Uber
733 2265 793 2300 die
812 2264 952 2301 Phrase

203 2311 281 2357 vgl.
304 2324 348 2347 zu
370 2315 424 2355 11,
445 2316 466 2348 6
488 2313 522 2348 si
539 2313 581 2348 in
597 2313 739 2348 ‘nullius
762 2313 950 2348 mercedem

202 2359 351 2404 neyotia
375 2362 470 2396 eant.

250 2453 314 2489 69.
358 2458 388 2490 1.
414 2454 530 2490 medio
555 2454 640 2490 diei.
690 2454 765 2489 Der
790 2453 949 2490 Genetiv

202 2500 273 2535 wie
295 2504 351 2546 11,
370 2505 428 2536 21.
447 2500 533 2537 hist.
557 2505 588 2545 1,
611 2504 667 2537 62.
686 2506 721 2546 3,
742 2505 796 2538 11.
828 2500 949 2537 Schon

200 2547 264 2583 bei
276 2546 414 2585 Livius.
440 2569 483 2575 -
503 2549 649 2584 tertium
668 2552 753 2584 ante
768 2548 839 2584 mit
852 2550 948 2584 Ana-

202 2595 355 2640 strophe
376 2596 469 2631 statt
488 2599 572 2631 ante
590 2596 684 2632 diem
703 2596 860 2639 tertium,
886 2595 948 2631 bei

201 2641 352 2677 Tacitus
371 2642 606 2688 gewohnlich
626 2643 721 2679 ohne
735 2646 829 2679 ante.
855 2642 947 2678 Das-

203 2688 305 2725 selbe
337 2689 476 2725 Datum
507 2689 632 2725 haben
665 2690 766 2726 Suet.
794 2693 839 2725 45
871 2690 947 2725 und

201 2734 272 2771 Dio
298 2740 355 2781 60,
380 2741 426 2772 34
450 2738 492 2782 τῇ
513 2738 615 2783 τρίτῃ
634 2737 699 2773 καὶ
718 2734 859 2783 δεκάτῃ
879 2737 945 2772 τοῦ

196 2765 430 2829 Ὀκτωβρίου.

249 2832 281 2863 3.
320 2834 481 2867 monente
510 2831 561 2866 ist
591 2830 802 2874 aoristisch3
840 2842 868 2867 s.
901 2843 946 2866 zu

203 2879 258 2920 11,
284 2879 328 2911 35
352 2882 605 2922 praemonente
629 2878 816 2915 Narcisso.

1073 1701 1107 1733 4.
1127 1688 1227 1733 Uber
1246 1697 1319 1732 den
1337 1695 1534 1732 Gebrauch
1552 1707 1627 1732 von
1645 1696 1771 1733 indere

1027 1757 1055 1780 s.
1080 1757 1125 1780 zu
1150 1744 1219 1790 ΚΡ.
1247 1748 1303 1780 57.

1074 1796 1106 1828 6.
1139 1792 1181 1827 irc
1205 1792 1404 1834 diversum,
1428 1790 1500 1826 wie
1523 1789 1602 1826 Liv.
1631 1794 1686 1836 10,
1712 1794 1768 1835 25,

1027 1844 1069 1875 12
1101 1851 1189 1875 nam
1213 1840 1256 1874 in
1279 1842 1469 1883 utrumque
1491 1841 1655 1874 auctores
1671 1842 1768 1875 sum.

1073 1891 1104 1923 7.
1139 1887 1286 1930 castris,
1313 1886 1423 1921 n'aml.
1445 1886 1663 1931 praetoriis,
1695 1886 1770 1923 ost·

1023 1934 1101 1970 lich
1126 1945 1192 1970 vor
1217 1934 1282 1969 (181
1307 1933 1427 1969 Stadt.

1071 1984 1104 2018 8.
1130 1981 1348 2027 laryitionis.
1387 1979 1562 2034 Claudius
1587 1979 1692 2016 hatte
1709 1979 1767 2026 je-

1025 2029 1109 2064 dem
1153 2028 1391 2064 Pratorianer
1439 2026 1499 2063 ein
1541 2026 1768 2064 Donativum

1024 2087 1097 2112 von
1137 2079 1251 2111 15000
1284 2075 1474 2110 Sesterzen
1511 2074 1663 2119 gezahlt
1691 2073 1768 2109 und

1026 2123 1192 2159 dadurch
1227 2122 1354 2158 diesen
1383 2120 1611 2157 Mifsbrauch
1640 2121 1767 2167 einge-

1025 2170 1273 2263 fagissawum
1291 2215 1467 2251 consulta.
1492 2214 1564 2250 Um
1578 2214 1643 2250 der
1656 2214 1767 2251 Form

1024 2267 1279 2357 ἒᾎῑξὲἓῗὲῖῖθ
1300 2262 1442 2345 {iffi
1465 2262 1545 2345 ⁶35.
1557 2262 1675 2345 ³323ss
1693 2262 1766 2345 ‘31⁹1ss

1023 2359 1148 2395 hohen
1172 2358 1369 2403 Beamten,
1400 2356 1517 2392 durch
1548 2357 1609 2392 ein
1633 2355 1766 2392 Gesetz

1022 2408 1065 2442 de
1089 2406 1241 2452 imperio
1265 2417 1311 2440 zu
1332 2404 1555 2450 bestatigen.
1597 2402 1684 2439 Dies
1701 2413 1765 2448 ge-

1021 2453 1137 2489 schah
1161 2453 1259 2488 noch
1283 2452 1324 2487 in
1349 2453 1475 2497 spater
1499 2451 1598 2495 Zeit,
1629 2450 1759 2486 zuwei-

1020 2501 1082 2537 len
1120 2510 1231 2546 sogar
1267 2499 1365 2535 nach
1394 2497 1606 2535 formlicher
1636 2496 1762 2541 Wahl,

1019 2547 1090 2584 wie
1120 2547 1174 2582 im
1197 2546 1232 2583 J.
1259 2550 1326 2582 275
1359 2546 1420 2582 bei
1449 2545 1514 2581 der
1536 2544 1764 2590 Emennung

1022 2595 1088 2630 des
1115 2593 1290 2630 Claudius
1315 2593 1477 2629 Tacitus.

1069 2646 1126 2678 11.
1165 2640 1341 2677 Claudius
1381 2640 1482 2676 starb
1517 2637 1571 2673 im
1607 2642 1663 2675 64.
1695 2638 1762 2675 Le·

1019 2689 1122 2736 bensj
1126 2689 1226 2726 ahre.
1272 2687 1379 2723 Nach
1403 2686 1493 2722 Dios
1517 2685 1686 2722 Berechn

1019 2737 1125 2773 hatte
1161 2746 1202 2771 er
1235 2739 1279 2771 13
1309 2734 1422 2770 Jahre
1455 2737 1476 2769 8
1506 2731 1655 2769 Monate
1686 2745 1738 2770 un

1018 2787 1064 2819 20
1078 2785 1181 2830 Tage
1194 2782 1340 2828 regiert.
1362 2780 1502 2816 Seneca
1511 2779 1761 2838 besehimpfto

1018 2831 1092 2867 den
1115 2829 1357 2868 Ermordeten
1389 2827 1505 2863 durch
1535 2826 1596 2863 die
1619 2824 1760 2864 damno-

1017 2876 1240 2918 λοκύντωσις
1295 2876 1403 2919 (statt
1451 2871 1760 2920 ἀπαθανάτισις).
