1820 3100
240 107 296 149 28
668 105 897 143 CORNELII
921 104 1078 142 ΤΑΟΙΤΙ
1102 104 1366 141 ANNALIUM

168 215 225 258 35
357 214 516 257 Mirum
547 215 660 257 inter
688 215 796 257 haec
826 214 1046 257 silentium
1072 213 1250 268 Claudii,
1282 213 1486 257 Vitellius
1518 215 1671 272 ignaro
1702 231 1801 272 pro·

238 274 350 330 pior:
377 275 521 316 omnia
539 274 694 317 liberto
716 273 1013 316 oboediebant.
1050 273 1249 340 patefieri
1268 272 1442 316 domum
1462 274 1644 317 adulteri
1669 278 1799 331 atque

238 334 342 376 illuc
362 333 511 376 deduci
529 333 834 388 imperatorem
852 332 984 375 iubet.
1022 347 1071 375 ac
1095 332 1283 387 primum
1308 331 1355 374 in
1373 333 1585 376 vestibulo
1611 333 1800 391 effigiem

237 393 375 448 patris
396 391 491 435 Silii
520 393 716 435 consulto
743 394 916 434 senatus
943 391 1152 434 abolitam
1171 391 1449 447 demonstrat,
1474 394 1567 434 tum
1593 393 1800 449 quidquid

192 462 212 494 5
239 452 402 494 avitum
426 450 673 494 Neronibus
700 453 744 493 et
767 450 920 492 Drusis
951 451 997 492 in
1026 450 1213 505 pretium
1244 450 1391 506 probri
1422 451 1615 494 cessisse.
1655 452 1800 495 incen-

239 525 418 566 sumque
445 512 488 552 et
512 510 565 552 ad
590 511 730 552 minas
757 511 1050 565 erumpentem
1076 510 1227 552 castris
1251 510 1394 564 infert,
1422 512 1576 564 parata
1600 511 1801 555 contione

237 570 443 624 militum3
482 569 594 624 apud
633 584 739 624 quos
770 570 1076 624 praemonente
1106 568 1310 611 Narcisso
1347 583 1486 624 pauca
1518 569 1650 612 verba
1679 569 1799 613 fecit:

238 642 340 670 nam
372 629 455 671 etsi
485 628 649 670 iustum
680 628 874 670 dolorem
904 627 1042 682 pudor
1071 627 1343 682 impediebat.
1386 628 1616 671 continuus
1647 627 1799 672 dehinc

239 687 480 729 cohortium
512 687 674 729 clamor
704 687 881 729 nomina
911 700 1083 728 reorum
1114 688 1157 728 et
1186 698 1351 741 poenas
1382 686 1689 743 flagitantium3
1727 688 1799 730 ad-

237 747 465 801 motusque
491 744 621 788 Silius
651 746 860 788 tribunali
884 759 974 788 non
1002 744 1305 800 defensionem,
1334 760 1423 789 non
1449 760 1592 789 moras
1616 748 1799 802 tempta-

236 805 318 860 vit,
354 807 554 860 precatus
590 807 640 847 ut
670 820 786 847 mors
818 805 1142 847 adceleraretur.
1197 804 1344 846 eadem
1374 805 1617 847 constantia
1654 808 1698 848 et
1735 805 1798 848 in-

235 864 394 906 lustres
427 865 593 920 equites
624 864 814 907 Romani
845 863 987 919 cupidi
1017 866 1212 905 maturae
1243 863 1361 905 necis
1397 863 1582 907 fuerunt.
1637 864 1799 907 Titium

234 922 476 977 Proculum,
508 923 729 966 custodem
755 938 780 965 a
805 921 912 965 Silio
938 922 1197 965 Messalinae
1223 921 1370 964 datum
1397 925 1441 964 et
1470 923 1673 966 indicium
1698 923 1799 966 offe-

234 984 419 1036 rentem,
455 981 649 1025 Vettium
681 981 912 1024 Valentem
950 981 1192 1024 confessum
1231 983 1274 1023 et
1306 980 1559 1036 Pompeium
1589 981 1798 1025 Urbicum

165 1051 208 1083 15
235 1055 284 1082 ac
322 1040 541 1083 Saufeium
578 1041 770 1098 Trogum
807 1055 858 1083 ex
896 1041 1077 1083 consciis
1119 1040 1233 1082 tradi
1270 1040 1324 1082 ad
1369 1040 1624 1095 supplicium
1665 1041 1797 1085 iubet.

233 1098 413 1142 Decrius
435 1114 605 1155 quoque
621 1090 980 1156 Calpurnianus
955 1099 1138 1156 vigilum
1156 1099 1411 1154 praefectus,
1431 1098 1644 1154 Sulpicius
1657 1099 1796 1143 Rufus

233 1158 323 1200 ludi
342 1162 605 1215 procurator,
624 1159 781 1202 Iuncus
800 1158 1078 1215 Vergilianus
1100 1161 1275 1201 senator
1298 1158 1446 1200 eadem
1470 1172 1610 1214 poena
1629 1158 1798 1202 adfecti.

355 1217 481 1260 Solus
512 1217 705 1261 Mnester
736 1218 1052 1261 cunctationem
1078 1218 1238 1272 attulit,
1271 1217 1479 1260 dilaniata
1509 1220 1628 1260 veste
1653 1218 1799 1261 clami-

232 1277 329 1318 tans
369 1277 579 1332 aspiceret
614 1278 840 1320 verberum
879 1279 1025 1332 notas,
1066 1277 1412 1319 reminisceretur
1447 1277 1584 1332 vocis,
1625 1292 1711 1333 qua
1753 1291 1799 1320 se

233 1335 469 1378 obnoxium
506 1336 634 1379 iussis
666 1336 927 1379 Messalinae
965 1336 1167 1378 dedisset:
1205 1336 1302 1378 aliis
1336 1335 1568 1392 largitione
1600 1337 1676 1378 aut
1706 1336 1797 1391 spei

233 1395 544 1450 magnitudine,
571 1396 654 1438 sibi
680 1410 731 1438 ex
755 1396 1013 1438 necessitate
1040 1396 1226 1450 culpam;
1251 1409 1330 1437 nec
1354 1395 1552 1450 cuiquam
1578 1397 1678 1437 ante
1702 1409 1796 1450 per-

186 1464 206 1496 5
233 1453 418 1495 eundum
455 1454 606 1509 fuisse,
644 1455 682 1496 si
720 1453 849 1497 Silius
886 1469 1029 1497 rerum
1066 1456 1296 1509 poteretur.
1353 1456 1614 1496 commotum
1650 1453 1719 1496 his
1755 1455 1800 1496 et

232 1525 418 1565 pronum
459 1513 512 1555 ad
548 1513 886 1555 misericordiam
924 1512 1151 1556 Caesarem
1193 1513 1416 1567 perpulere
1452 1513 1598 1555 liberti
1633 1526 1688 1554 ne
1729 1513 1819 1554 tot'

232 1570 488 1613 inlustribus
525 1572 627 1614 viris
658 1572 911 1614 interfectis
954 1571 1154 1613 histrioni
1193 1571 1504 1613 consuleretur:
1547 1573 1702 1625 sponte
1741 1585 1797 1613 an

168 743 215 790 10'

162 1218 219 1260 36

1050 1733 1235 1769 chischen.
1276 1753 1318 1759 —
1357 1732 1555 1768 Narcissus
1597 1732 1680 1768 halt
1716 1733 1795 1769 also

279 1732 344 1768 85.
379 1736 408 1769 1.
441 1734 536 1769 inter
567 1734 670 1777 haee,
713 1734 881 1778 h'aufiger
916 1732 977 1769 bei

1050 1780 1133 1815 eine
1164 1780 1278 1815 kurze
1302 1780 1517 1825 Ansprache
1543 1791 1591 1815 an
1623 1780 1683 1815 die
1707 1780 1794 1816 Pra—

232 1779 371 1822 Livius,
398 1780 545 1816 Curtius
571 1781 646 1816 und
668 1780 817 1825 Sueten,
842 1780 892 1815 ist
916 1779 977 1815 bei

232 1827 317 1862 Tac.
343 1823 407 1863 ἅπ.
436 1826 501 1872 εἰρ.

278 1877 310 1908 4.
337 1874 412 1909 Der
436 1875 552 1910 Vater
583 1875 648 1910 des
675 1875 788 1910 Silius
815 1884 894 1909 war
924 1874 976 1909 im

229 1920 261 1956 J.
284 1924 328 1955 24
349 1932 420 1956 von
443 1921 556 1967 Sejan
575 1922 781 1967 angeklagt
797 1921 874 1956 und
893 1933 977 1956 zum

232 1967 463 2003 Selbstmord
493 1968 697 2014 getrieben.
731 1990 776 1994 —
807 1968 875 2004 Die
907 1980 975 2003 un-

231 2015 491 2060 gewohnliche
507 2016 678 2061 Stellung
698 2016 860 2052 consulto
873 2026 975 2051 sena-

231 2065 290 2097 tus
314 2062 382 2097 hat
407 2062 503 2098 auch
525 2062 656 2099 Florus
676 2067 709 2108 3,
731 2067 788 2107 21,
810 2067 829 2099 7
849 2063 924 2098 und
943 2066 976 2097 8.

279 2111 310 2143 5.
337 2109 547 2145 Neronibus
571 2114 605 2145 et
622 2110 772 2153 Drusis,
799 2109 976 2145 Claudius

228 2155 278 2190 ist
306 2155 427 2191 Enkel
464 2157 528 2192 des
566 2157 620 2193 Ti.
655 2157 832 2192 Claudius
865 2157 976 2201 Nero,

229 2201 363 2237 dessen
388 2202 586 2238 Gemahlin
610 2204 718 2239 Livia
746 2205 887 2250 (spater
906 2203 975 2239 Ge-

228 2249 372 2284 mahlin
398 2249 462 2284 des
481 2249 686 2295 Augustus)
713 2251 794 2286 eine
814 2250 976 2286 Tochter

230 2295 295 2331 des
334 2295 383 2332 M.
416 2296 543 2332 Livius
575 2297 716 2333 Drusus
749 2297 975 2333 Claudianus

228 2353 316 2379 war.
343 2363 387 2369 —
412 2344 455 2379 in
484 2345 642 2389 pretiwm
667 2346 799 2390 probri
823 2346 975 2388 cessisse,

228 2389 300 2425 wie
337 2390 572 2434 hist.1,11
605 2393 820 2436 provinciae
933 2393 976 2426 in

222 2437 385 2481 pretium
411 2438 494 2473 belli
519 2449 682 2475 cessurae
706 2442 820 2475 erant.
859 2443 890 2483 1,
919 2443 974 2474 70.

228 2483 355 2519 Livius
381 2486 481 2530 sagt:
512 2496 569 2521 res
599 2486 640 2521 in
665 2487 844 2531 praedam
869 2486 972 2522 cedit.

279 2534 309 2566 7.
334 2535 599 2576 praemonente,
625 2533 861 2569 aoristisches
887 2533 975 2568 Par-

228 2576 321 2622 ticip
353 2579 446 2614 statt
477 2580 577 2614 eines
608 2579 871 2625 Frateritums,
904 2579 975 2616 wie

231 2628 285 2668 12,
307 2629 350 2660 69
376 2629 540 2662 monente
561 2628 756 2672 praefecto.
782 2631 829 2663 48
848 2637 975 2673 809πο-

227 2681 328 2707 scens
358 2673 549 2717 proditum
582 2674 840 2710 Mithridatem
872 2678 976 2710 vocat

229 2719 432 2755 consilium.
466 2720 550 2755 Und
577 2720 642 2756 oft.
675 2722 759 2766 Vgl.
782 2721 870 2757 Sall.
889 2721 973 2766 Jug.

230 2767 297 2798 113
335 2766 421 2801 haec
453 2767 618 2803 Maurus
647 2779 765 2804 secum
796 2770 873 2813 ipse
909 2769 976 2803 diu

227 2810 371 2847 volvens
395 2814 540 2849 tandem
562 2816 743 2859 promisit.
782 2815 888 2851 Auch
913 2814 975 2850 bei

227 2855 349 2902 Virgil
380 2860 455 2894 und
487 2859 612 2896 Livius
643 2862 754 2898 sowie
785 2861 838 2897 im
871 2861 975 2897 Grie-

1048 1827 1228 1870 tmianer,
1256 1827 1354 1862 dann
1379 1827 1443 1862 der
1467 1826 1610 1863 Kaiser.
1724 1842 1731 1849 ·

1099 1878 1152 1909 12.
1185 1854 1285 1910 Uber
1315 1873 1435 1909 Titius
1474 1873 1551 1909 und
1581 1873 1729 1911 Vettius
1766 1886 1794 1911 s.

1049 1933 1094 1956 zu
1125 1922 1195 1966 Kp.
1223 1925 1279 1957 30.
1329 1920 1399 1956 Die
1431 1921 1603 1966 iibrigen,
1644 1920 1704 1957 die
1733 1932 1796 1957 am

1049 1968 1194 2003 Schluss
1226 1969 1290 2003 des
1315 1968 1408 2013 Kap.
1442 1968 1612 2004 erw‘ahnt
1635 1968 1795 2014 werden,

1050 2015 1132 2050 sind
1158 2015 1263 2051 nicht
1286 2015 1464 2051 bekannt.

1098 2066 1154 2098 17.
1182 2063 1261 2098 ludi
1285 2061 1450 2098 namlich
1474 2063 1699 2108 yladiatorii.

1096 2147 1382 2193 36.1.Uber
1425 2156 1497 2191 den
1535 2154 1796 2202 Schauspieler

1048 2202 1213 2239 Mnester
1238 2215 1263 2238 s.
1290 2215 1335 2238 zu
1358 2202 1428 2247 ΚΡ.
1455 2206 1488 2237 4.
1521 2222 1565 2229 —-
1598 2203 1794 2246 dilaniare,

1049 2252 1151 2286 sonst
1182 2250 1476 2306 „zerfleisohen‘g
1513 2249 1564 2285 ist
1598 2249 1638 2285 in
1672 2249 1794 2286 dieser

1047 2279 1314 2343 Bedeutimg
1288 2309 1352 2334 απ.
1375 2295 1455 2342 εἰρ.,
1468 2278 1571 2332 ’doch
1590 2297 1665 2341 vgl.
1687 2296 1792 2333 Ovid.

1049 2356 1121 2380 am.
1155 2349 1187 2390 3,
1220 2348 1253 2390 9,
1286 2348 1330 2380 52
1375 2345 1569 2380 inornatas
1607 2344 1794 2380 dilaniata

1048 2402 1177 2428 comas,

1096 2443 1128 2475 2.
1166 2439 1274 2474 vocis.
1329 2437 1504 2474 Claudius
1547 2437 1653 2474 hatte
1696 2436 1794 2473 ohne

1047 2486 1126 2531 Arg
1169 2485 1254 2521 dem
1290 2485 1454 2521 Mnester
1489 2484 1683 2528 befohlen,
1728 2484 1794 2519 der

1047 2532 1251 2568 Messalina
1274 2545 1319 2568 zu
1349 2532 1569 2590 gehorchen.
1607 2531 1694 2577 Vgl.
1721 2530 1792 2567 Dio

1049 2584 1105 2622 60,
1137 2583 1182 2614 22
1221 2579 1286 2615 καὶ
1323 2592 1442 2620 ουτως
1479 2575 1650 2618 εἰπόντος
1686 2574 1790 2624 αυτῷ

1048 2627 1115 2662 τοῦ
1141 2627 1333 2662 Κλαυδίου
1359 2621 1481 2662 πάνθ’
1509 2621 1580 2661 ὅσα
1605 2637 1655 2660 αν
1679 2637 1791 2671 προσ-

1047 2671 1234 2731 τάττηται,
1238 2670 1312 2710 ὑπὸ
1323 2675 1392 2732 τῆς
1405 2671 1642 2731 Μεσσαλίνης
1654 2678 1791 2730 ποιεῖν,

1049 2721 1166 2766 συνῆν
1186 2717 1281 2766 αὐτῇ
1309 2718 1357 2761 ὡς
1375 2719 1439 2756 καὶ
1457 2716 1571 2755 τοῦθ’
1599 2717 1667 2755 ὑπ’
1696 2702 1792 2757 ἐκεί-

1048 2781 1116 2803 νου
1142 2766 1442 2813 κεκελευσμένος.

1099 2819 1130 2850 7.
1163 2815 1344 2851 consulere
1375 2814 1660 2859 ‚‚verschonen“.
1703 2814 1790 2860 Vgl.

1048 2866 1081 2907 3,
1107 2865 1162 2897 46.
