1820 3100
608 87 755 124 LIBER
778 86 843 123 IV.
892 85 996 128 cAP.
1022 90 1127 122 2—4.
1570 84 1655 127 201

36 231 45 235 -
94 199 237 242 batur.
284 212 386 240 nam
411 195 578 238 Drusus
603 195 822 251 inpatiens
846 193 1007 236 aemuli
1033 195 1076 235 et
1102 194 1246 235 animo
1279 192 1538 235 commotior
1563 194 1657 234 orto
1683 207 1705 239 5

94 258 207 300 forte
244 256 384 312 iurgio
421 254 668 297 intenderat
704 253 860 296 Seiano
897 267 1051 295 manus
1088 255 1132 294 et
1169 254 1320 295 contra
1355 250 1572 293 tendentis
1610 265 1658 293 os

96 316 409 359 verberaverat.
469 313 606 370 igitur
642 315 795 356 cuncta
831 311 1067 368 temptanti
1103 310 1481 366 promptissimum
1517 309 1660 351 visum

98 375 152 418 ad
194 389 374 417 uxorem
417 373 507 415 eius
550 371 718 414 Liviam
767 373 1034 424 convertere,
1084 385 1193 425 quae
1237 384 1361 412 soror
1404 368 1660 422 Germanici,

94 434 261 477 formae
286 433 409 476 initio
436 431 591 474 aetatis
617 430 857 485 indecorae,
888 444 990 472 mox
1013 428 1333 485 pulchritudine
1357 427 1660 484 praecellebat.

96 494 209 536 hanc
239 495 289 535 ut
320 506 464 534 amore
495 491 694 533 incensus
727 489 937 532 adulterio
968 489 1164 544 pellexit,
1196 492 1239 530 et
1269 490 1503 543 postquam
1533 486 1661 542 primi

96 552 256 608 flagitii
310 551 475 606 potitus
531 552 597 592 est
651 547 815 606 (neque
869 547 1031 590 femina
1091 547 1252 590 amissa
1306 546 1515 602 pudicitia
1575 545 1662 587 alia

99 608 330 668 abnuerit),
361 609 415 652 ad
446 608 636 664 coniugii
667 623 800 664 spem,
830 607 1095 650 consortium
1125 607 1250 662 regni
1275 609 1319 648 et
1343 619 1492 648 necem
1516 604 1663 646 mariti

99 670 284 726 impulit.
346 671 473 724 atque
509 668 606 724 illa,
643 668 712 710 cui
749 666 987 709 avunculus
1018 666 1262 722 Augustus,
1299 679 1420 708 socer
1450 664 1662 718 Tiberius,

96 744 148 772 ex
190 728 332 771 Druso
381 727 524 783 liberi,
573 741 703 782 seque
754 741 803 768 ac
851 726 1035 768 maiores
1079 728 1123 767 et
1165 727 1364 780 posteros
1409 722 1662 778 municipali

96 787 290 831 adultero
322 786 537 841 foedabat,
567 789 617 828 ut
646 800 724 841 pro
756 785 951 828 honestis
978 786 1021 826 et
1044 784 1344 840 praesentibus
1374 783 1594 838 flagitiosa
1620 783 1664 824 et

95 847 260 890 incerta
293 847 574 901 exspectaret.
624 845 808 887 sumitur
832 845 879 886 in
902 843 1214 887 conscientiam
1238 842 1472 894 Eudemus,
1499 841 1663 883 amicus

98 920 147 948 ac
178 905 367 948 medicus
399 904 560 959 Liviae,
591 904 732 960 specie
765 904 873 946 artis
905 903 1110 958 frequens
1142 902 1329 944 secretis.
1377 901 1503 956 pellit
1534 900 1663 943 domo

97 964 277 1008 Seianus
307 978 488 1007 uxorem
518 963 770 1018 Apicatam,
808 978 860 1004 ex
892 977 976 1018 qua
1012 965 1104 1004 tres
1141 962 1304 1004 liberos
1343 962 1572 1016 genuerat,
1609 973 1663 1000 ne

95 1024 252 1079 paelici
284 1025 614 1078 suspectaretur.
676 1021 752 1064 sed
784 1021 1037 1078 magnitudo
1069 1021 1275 1063 facinoris
1307 1022 1490 1074 metum,
1520 1018 1665 1074 prola-

96 1083 255 1137 tiones,
287 1082 456 1124 diversa
485 1081 704 1124 interdum
735 1081 917 1123 consilia
948 1080 1183 1122 adferebat.

1688 501 1732 533 10

1690 794 1735 827 15

1690 1090 1736 1122 20

218 1141 398 1183 Interim
423 1141 524 1183 anni
550 1140 765 1195 principio
792 1139 957 1182 Drusus
985 1154 1036 1181 ex
1062 1138 1308 1181 Germanici
1332 1137 1482 1180 liberis
1514 1138 1665 1192 togam
1689 1139 1720 1181 4

97 1200 270 1244 virilem
302 1200 500 1255 sumpsit,
530 1213 724 1255 quaeque
755 1198 883 1241 fratri
912 1198 1003 1240 eius
1028 1197 1194 1241 Neroni
1220 1197 1467 1240 decreverat
1491 1197 1666 1238 senatus

98 1260 296 1315 repetita.
348 1259 514 1301 addidit
544 1259 787 1300 orationem
819 1257 990 1312 Caesar,
1021 1258 1160 1299 multa.
1190 1271 1289 1299 eum
1319 1255 1443 1298 laude
1473 1254 1557 1296 filii
1588 1254 1667 1308 sui,

101 1319 214 1374 quod
245 1318 388 1373 patria
419 1317 720 1360 benevolentia
751 1317 797 1359 in
827 1316 974 1359 fratris
998 1317 1159 1359 liberos
1185 1316 1308 1358 foret.
1358 1329 1461 1357 nam
1486 1312 1667 1364 Drusus,

99 1391 362 1433 quamquam
407 1377 588 1419 arduum
626 1376 684 1418 sit
721 1375 870 1419 eodem
909 1376 995 1418 loci
1034 1375 1273 1431 potentiam
1311 1376 1355 1415 et
1392 1372 1667 1416 concordiam

101 1450 206 1492 esse,
238 1450 399 1491 aequus
433 1435 781 1478 adulescentibus
813 1436 891 1477 aut
922 1436 1036 1476 certe
1060 1449 1148 1476 non
1175 1434 1380 1476 adversus
1410 1432 1669 1474 habebatur.

100 1495 200 1537 exin
231 1498 355 1537 vetus
387 1498 430 1536 et
461 1509 588 1549 saepe
621 1494 874 1536 simulatum
898 1492 1200 1549 proficiscendi
1224 1493 1271 1534 in
1293 1491 1540 1547 provincias
1567 1505 1668 1532 con-

102 1554 246 1597 silium
271 1554 466 1597 refertur.
510 1553 828 1595 multitudinem
854 1556 1155 1595 veteranorum
1180 1551 1461 1608 praetexebat
1484 1550 1668 1605 impera-

105 1681 322 1718 Substantiv
341 1682 432 1727 (via)
451 1681 521 1716 mit
539 1680 661 1717 einem
680 1680 846 1717 Infinitiv

104 1730 292 1775 (incipere)
318 1728 562 1764 koordiniert.

151 1780 183 1812 5.
216 1767 315 1812 Uber
345 1777 532 1822 inpatiens
562 1774 634 1811 mit
665 1775 749 1810 dem
777 1774 848 1810 Ge-

99 1823 204 1860 netiv
224 1836 254 1859 s.
273 1835 319 1858 zu
338 1827 371 1867 2,
393 1827 448 1859 64.
476 1842 523 1849 -
549 1823 672 1858 animo
698 1833 847 1858 eommo-

100 1871 184 1906 tior.
234 1871 284 1905 Er
308 1881 387 1905 war
417 1869 745 1906 leidensohaftlich
770 1869 848 1904 und

101 1917 187 1962 roh;
214 1917 290 1962 vgl.
319 1921 350 1961 1,
370 1920 415 1952 29
435 1920 648 1961 promptum
672 1917 722 1952 ad
747 1927 848 1961 aspe-

101 1965 206 2000 riora
224 1965 413 2010 inqenium
425 1963 551 1999 Druso
570 1966 660 1999 erat.
687 1967 707 1998 7
711 1967 731 1998 6
745 1963 848 1998 Dru-

103 2022 169 2066 sus
191 2011 393 2056 praesedit,
425 2021 645 2056 quamquam
674 2010 742 2045 vili
765 2020 850 2045 san-

102 2058 625 2141 yugneffirfflruzgffffiegzssuch
648 2115 722 2140 von
742 2115 851 2150 prae-

108 2153 230 2189 cellere
254 2165 282 2189 s.
302 2164 348 2187 zu
371 2156 406 2196 2,
425 2155 480 2187 43.

158 2204 212 2236 10.
256 2200 437 2235 adulterio
462 2216 507 2229 =
534 2199 584 2235 ad
617 2199 851 2242 adulterium,

103 2247 202 2283 nach
210 2246 499 2283 dichterisohem
507 2245 792 2292 Sprachgebrau
797 2247 851 2282 ch.

104 2294 284 2340 Dagegen
309 2294 538 2339 regelrecht:
568 2297 624 2339 11,
646 2297 689 2329 19
715 2294 765 2329 ad
790 2294 849 2329 de·

104 2341 280 2378 ditionem
303 2342 520 2386 pellicerent.

154 2393 210 2426 13.
235 2389 451 2425 avumculus.
484 2387 675 2433 Augustus
698 2399 776 2422 war
793 2386 853 2422 ihr

107 2435 361 2480 Grossoheim,
386 2434 469 2470 weil
495 2434 577 2470 ihre
603 2433 854 2470 Grossmutter

108 2483 266 2520 Octavia
289 2483 391 2519 seine
418 2482 627 2518 Schwester
650 2493 739 2517 war.

156 2534 210 2575 14.ι
243 2541 348 2576 seque
372 2540 426 2565 ac.
458 2521 559 2565 Uber
584 2529 686 2564 diese
711 2529 853 2564 seltene

108 2577 219 2614 Form
245 2577 311 2613 der
341 2575 614 2612 Koordination
646 2588 675 2611 s.
702 2575 852 2611 Einleit.

109 2627 140 2668 §-
173 2628 237 2669 65,
270 2636 300 2660 c.
337 2645 381 2650 —
418 2624 650 2669 municipali.
703 2623 855 2658 Tacitus

110 2671 262 2717 huldigt
274 2672 358 2707 dem
373 2671 703 2707 aristokratischen
715 2670 855 2706 Vorur-

110 2718 200 2755 teile
219 2719 340 2754 seiner
359 2718 441 2753 Zeit
459 2717 498 2753 in
518 2719 603 2754 dem
622 2716 751 2761 Masse,
773 2716 855 2751 dass

108 2776 148 2802 er
183 2765 256 2802 den
292 2765 468 2801 frfiheren
501 2763 855 2810 Munizipalbt’irger‚

109 2812 177 2848 der
195 2813 274 2849 also
294 2813 400 2848 nicht
424 2825 487 2848 zur
510 2812 721 2848 remisehen
740 2809 856 2847 Nobi-

112 2859 201 2896 litat
224 2860 371 2906 gehert,
395 2860 683 2905 geringschatzt.

969 1683 1025 1716 17.
1056 1682 1202 1716 secretis
1232 1679 1284 1715 ist
1315 1679 1447 1724 Dativ,
1480 1678 1547 1714 der
1579 1676 1670 1713 Sinn

921 1728 1018 1763 also:
1062 1738 1168 1773 saepe
1205 1728 1335 1763 aderat
1369 1727 1516 1762 secretis
1552 1724 1669 1769 „teil-

919 1775 1108 1811 nehmend
1133 1777 1216 1810 an“.
1257 1773 1342 1821 Vgl.
1362 1773 1451 1810 hist.
1471 1777 1506 1817 4,
1527 1777 1571 1808 69
1596 1773 1670 1816 fre-

921 1833 1033 1867 quens
1058 1822 1299 1858 eontionibus.
1339 1821 1452 1857 Sonst
1477 1821 1580 1856 steht
1604 1819 1670 1854 das

920 1868 1032 1904 Wort
1057 1869 1128 1904 mit
1153 1869 1240 1905 dem
1264 1868 1429 1904 Ablativ.

972 1930 1027 1963 19.
1059 1928 1263 1972 suspectari
1287 1928 1404 1962 alicui
1429 1925 1671 1971 „jemandem

922 1974 1143 2019 verdachtig
1166 1974 1354 2018 werden“‚
1378 1974 1433 2009 als
1451 1972 1583 2008 Passiv
1601 1983 1672 2006 nur

921 2020 1005 2056 hier
1030 2021 1108 2056 und
1132 2021 1195 2056 bei
1221 2020 1410 2066 Apulejus.
1452 2020 1527 2055 Das
1553 2019 1671 2054 Aktiv

923 2069 991 2104 hat
1027 2068 1180 2103 Tacitus
1217 2068 1324 2104 efter.
1362 2088 1408 2094 --
1445 2067 1553 2103 Nach
1585 2066 1672 2101 dem

924 2115 1054 2151 Sturze
1080 2116 1145 2150 des
1166 2115 1280 2161 Sejan
1304 2115 1394 2151 kam
1419 2115 1515 2150 auch
1534 2113 1672 2149 Livilla

923 2174 1004 2207 um,
1036 2163 1222 2198 entweder
1254 2163 1372 2198 durch
1405 2162 1536 2207 eigene
1560 2160 1672 2196 Hand

926 2210 1016 2245 oder
1047 2209 1114 2245 auf
1135 2210 1267 2245 Befehl
1295 2210 1360 2246 des
1386 2208 1555 2245 Tiberius
1581 2209 1673 2244 oder

926 2257 979 2292 sie
1010 2257 1114 2292 ward
1143 2268 1217 2293 von
1248 2257 1350 2293 ihrer
1380 2256 1522 2292 Mutter
1551 2255 1671 2291 durch

925 2304 1080 2349 Hunger
1104 2305 1262 2349 getotet.
1306 2303 1376 2340 Dio
1404 2307 1461 2349 58,
1482 2308 1539 2339 11.

972 2363 1010 2400 4.
1042 2367 1074 2399 3.
1107 2364 1273 2408 repetita,
1299 2362 1464 2398 namlich
1489 2362 1549 2398 die
1576 2362 1675 2405 Qua-

925 2411 1004 2447 stur
1029 2411 1105 2446 und
1131 2411 1197 2446 das
1223 2409 1437 2446 Pontifikat.
1482 2414 1517 2453 3,
1537 2411 1602 2455 29·!

974 2474 1006 2505 5.
1032 2470 1151 2505 eodem
1177 2470 1248 2506 loci
1272 2468 1342 2505 wic
1368 2479 1407 2504 eo
1432 2469 1503 2504 loci
1529 2471 1591 2510 14,
1616 2471 1673 2503 61.

928 2520 983 2561 15,
1010 2520 1065 2552 74.
1118 2515 1251 2552 Beides
1283 2516 1350 2551 hat
1380 2516 1494 2551 sehon
1526 2514 1673 2558 Cicer03

926 2563 1079 2598 ahnlich
1117 2562 1199 2598 val.
1238 2562 1440 2598 Maximus:
1490 2563 1555 2598 hoc
1597 2562 1675 2598 und

926 2610 1083 2656 quodam
1108 2611 1188 2645 loci.

978 2667 1009 2699 7.
1041 2673 1163 2708 saepe,
1189 2675 1218 2697 z.
1238 2661 1280 2698 B.
1299 2661 1339 2698 iu
1366 2662 1438 2698 den
1462 2661 1603 2698 Jahren
1630 2665 1676 2697 14

928 2710 1004 2745 und
1030 2713 1086 2746 21.

977 2766 1009 2798 8.
1055 2762 1189 2806 referre
1220 2764 1448 2806 ‚‚erneuern“
1480 2762 1550 2798 wie
1577 2766 1610 2808 2,
1628 2765 1675 2797 24

929 2810 1068 2846 easdem
1082 2813 1179 2845 artes
1192 2810 1357 2846 Drusum
1370 2809 1545 2846 retulisse.
1570 2809 1676 2844 Ahn-

928 2857 1006 2892 lich
1030 2856 1092 2893 bei
1116 2855 1255 2893 Cicero.
