1806 3094
147 393 192 425 10

148 686 192 718 15

143 794 202 837 42

215 100 302 141 120
660 100 891 137 CORNELII
914 100 1075 137 TACITI
1093 99 1355 137 ANNALIUM

216 207 254 250 d.
285 206 380 250 VH.
418 208 516 251 Kal.
552 208 698 251 Iunias
741 208 1026 265 triumphavit
1067 209 1118 251 de
1163 208 1387 252 Cheruscis
1432 207 1684 265 Chattisque
1727 212 1771 253 et

216 267 485 322 Angrivariis
528 283 719 323 quaeque
762 268 870 310 aliae
909 269 1106 310 nationes
1149 283 1283 324 usque
1326 268 1379 309 ad
1421 267 1571 310 Albim
1611 269 1768 311 colunt.

216 329 339 368 vecta
365 326 513 382 spolia,
539 327 708 394 captivi,
734 327 962 369 simulacra
982 328 1202 380 montium,
1227 327 1462 382 fluminum,
1488 327 1767 383 proeliorum3

217 385 473 441 bellumque,
505 386 605 441 quia
630 386 837 428 conficere
862 386 1105 440 prohibitus
1131 388 1235 438 erat,
1265 400 1344 453 pro
1371 386 1564 429 confecto
1591 386 1767 442 accipie-

217 443 356 486 batur.
407 446 592 499 augebat
622 445 878 487 intuentium
909 445 1026 487 visus
1059 446 1213 487 eximia
1243 445 1378 499 ipsius
1412 445 1572 500 species
1604 459 1768 488 currus-

218 517 299 558 que
344 504 530 559 quinque
573 504 721 545 liberis
766 506 957 546 onustus.
1028 504 1101 546 sed
1144 504 1319 546 suberat
1361 504 1530 546 occulta
1571 503 1771 558 formido,

217 563 517 616 reputantibus
559 562 675 604 haud
718 577 971 617 prosperum
1013 563 1058 604 in
1099 562 1241 605 Druso
1281 565 1403 618 patre
1444 563 1534 604 eius
1578 562 1768 605 favorem

217 621 349 675 vulgi,
375 621 631 663 avunculum
658 621 847 663 eiusdem
867 621 1118 663 Marcellum
1142 621 1426 678 flagrantibus
1452 621 1588 676 plebis
1615 622 1768 664 studiis

219 679 334 721 intra
371 680 591 722 iuventam
630 683 839 735 ereptum,
880 681 1030 723 breves
1069 683 1111 722 et
1147 681 1360 723 infaustos
1397 681 1545 735 populi
1583 680 1770 723 Romani

216 752 395 782 amoreS.

335 795 535 840 Ceterum
560 797 756 840 Tiberius
781 798 954 840 nomine
981 797 1223 840 Germanici
1248 800 1442 840 trecenos
1473 798 1590 853 plebi
1616 800 1770 840 sester-

217 856 302 898 tios
343 856 505 898 viritim
546 856 662 898 dedit
702 871 829 911 seque
870 857 1079 912 collegam
1119 857 1361 899 consulatui
1401 856 1490 899 eius
1528 857 1770 900 destinavit.

138 932 141 935 ·
217 929 296 957 nec
335 915 431 957 ideo
474 915 663 957 sincerae
704 916 895 957 caritatis
935 916 1064 957 fidem
1105 915 1330 958 adsecutus
1368 916 1538 958 amoliri
1574 916 1770 958 iuvenem

150 1338 194 1370 10

151 1632 194 1664 15

219 974 361 1029 specie
403 974 581 1016 honoris
628 974 782 1016 statuit
832 974 1072 1029 struxitque
1122 988 1271 1016 causas
1321 976 1396 1016 aut
1442 975 1552 1017 forte
1601 975 1769 1018 oblatas

218 1032 411 1087 arripuit.
470 1047 544 1074 rex
574 1031 813 1075 Archelaus
845 1033 1275 1088 quinquagensimum
1307 1048 1465 1075 annum
1496 1032 1771 1088 Cappadocia

217 1092 482 1147 potiebatur,
520 1092 685 1134 invisus
722 1091 913 1147 Tiberio,
952 1092 1063 1148 quod
1101 1106 1197 1134 eum
1235 1091 1379 1134 Rhodi
1415 1094 1614 1148 agentem
1650 1093 1769 1136 nullo

219 1150 361 1193 officio
388 1150 605 1194 coluisset.
647 1165 726 1193 nec
751 1151 794 1193 id
820 1151 1059 1194 Archelaus
1086 1165 1162 1205 per
1187 1151 1432 1205 superbiam
1459 1151 1674 1206 omiserat,
1699 1152 1771 1194 sed

219 1209 273 1252 ab
304 1209 468 1252 intimis
495 1209 681 1265 Augusti
712 1210 913 1261 monitus,
945 1211 1045 1266 quia
1074 1210 1254 1252 florente
1281 1209 1388 1252 Gaio
1415 1208 1596 1252 Caesare
1621 1211 1771 1253 misso-

220 1283 301 1323 que
327 1269 379 1310 ad
405 1283 473 1311 res
500 1269 678 1311 orientis
703 1270 844 1311 intuta
868 1269 1029 1312 Tiberii
1056 1269 1246 1311 amicitia
1270 1269 1535 1312 credebatur.
1574 1271 1623 1311 ut
1646 1284 1771 1312 versa

220 1325 451 1369 Caesarum
502 1328 651 1371 subole
699 1328 926 1383 imperium
976 1328 1153 1383 adeptus
1204 1330 1290 1382 est,
1340 1328 1458 1370 elicit
1507 1327 1772 1371 Archelaum

219 1388 369 1429 matris
395 1386 564 1441 litteris,
597 1401 706 1442 quae
731 1402 816 1429 non
843 1387 1125 1429 dissimulatis
1151 1387 1230 1428 filii
1257 1386 1563 1430 offensionibus
1589 1387 1771 1430 clemen-

218 1446 324 1488 tiam
365 1446 586 1500 offerebat,
627 1445 664 1487 si
704 1446 757 1488 ad
797 1446 1053 1501 precandum
1098 1447 1275 1487 veniret.
1346 1446 1418 1487 ille
1461 1447 1640 1501 ignarus
1683 1446 1772 1489 doli

218 1505 299 1559 vel,
332 1505 369 1547 si
399 1504 646 1560 intellegere
678 1505 930 1558 crederetur,
960 1506 1045 1546 vim
1077 1507 1270 1546 metuens
1303 1504 1348 1546 in
1373 1505 1522 1546 urbem
1547 1508 1770 1560 properat3

220 1566 503 1618 exceptusque
544 1564 686 1605 inmiti
727 1579 752 1605 a
791 1564 983 1619 principe
1025 1568 1068 1606 et
1106 1578 1206 1605 mox
1249 1568 1471 1606 aecusatus
1515 1563 1561 1605 in
1606 1568 1771 1620 senatu,

220 1637 307 1665 non
343 1622 398 1664 ob
437 1623 614 1664 crimina
652 1637 758 1678 quae
795 1623 1086 1679 fingebantur,
1127 1622 1201 1664 sed
1241 1636 1423 1677 angore,
1464 1622 1591 1664 simul
1631 1623 1770 1666 fessus

221 1681 341 1723 senio
385 1682 428 1723 et
474 1681 575 1736 quia
617 1681 794 1737 regibus
846 1696 1002 1737 aequa,
1050 1681 1206 1723 nedum
1255 1681 1404 1723 infima
1445 1681 1619 1723 insolita
1662 1684 1773 1737 sunt,

220 1740 349 1782 finem
386 1740 500 1782 vitae
538 1742 689 1795 sponte
727 1755 782 1782 an
818 1740 909 1783 fato
947 1740 1151 1795 implevit.
1213 1753 1394 1795 regnum
1424 1740 1470 1781 in
1499 1740 1770 1795 provinciam

219 1799 440 1841 redactum
471 1801 553 1853 est,
584 1799 879 1854 fructibusque
913 1799 1002 1841 eius
1033 1798 1168 1840 levari
1198 1813 1325 1853 posse
1357 1799 1614 1841 centesimae
1644 1800 1771 1842 vecti-

224 1858 297 1913 gal
327 1858 548 1913 professus
581 1857 739 1901 Caesar
776 1858 1108 1900 ducentesimam
1139 1858 1183 1899 in
1214 1859 1433 1912 posterum
1471 1858 1634 1900 statuit.
1693 1873 1772 1914 per

150 1926 196 1959 20
221 1917 335 1960 idem
378 1919 549 1972 tempus
586 1916 801 1960 Antiocho
837 1916 1244 1972 Commagenorum,
1278 1916 1555 1972 Philopatore
1586 1916 1769 1960 Cilicum

267 2025 298 2057 8.
331 2012 432 2057 Uber
466 2022 576 2057 colere
610 2021 820 2066 ‚,wohnen“
855 2033 882 2057 s.
915 2033 960 2056 zu
1031 2021 1116 2056 dem
1134 2019 1350 2063 Archelaus,
1363 2019 1527 2056 Urenkel
1545 2021 1608 2056 des
1627 2020 1771 2066 gleich-

222 2071 260 2114 1,
287 2071 343 2104 56.

270 2119 324 2151 12.
357 2114 427 2151 Die
451 2115 538 2150 ffinf
557 2115 698 2151 Kinder
723 2115 822 2151 sind:
846 2115 960 2159 Nero,

219 2162 376 2206 Drusus,
413 2162 596 2206 Drusilla,
638 2163 750 2208 Gajus
788 2162 959 2208 Caligula

219 2209 295 2244 und
338 2209 561 2254 Agrippina,
612 2209 670 2244 die
713 2209 853 2246 Mutter
895 2209 959 2245 des

220 2256 368 2292 Kaisers
393 2256 503 2291 Nero

270 2307 325 2338 13.
350 2304 392 2338 in
414 2302 540 2339 Druso
564 2304 742 2347 favorem,
768 2303 836 2339 wie
862 2302 958 2339 Vell.

221 2354 260 2394 2,
286 2354 331 2385 43
363 2351 521 2386 civitatis
551 2351 593 2386 in
623 2361 662 2386 eo
692 2351 809 2395 favor
858 2350 959 2385 Ahn-

221 2397 337 2433 liches
364 2396 479 2433 schon
503 2397 564 2432 bei
591 2397 728 2434 Cicero.
779 2397 959 2443 Dagegen

221 2456 305 2480 ann.
327 2448 359 2488 1,
380 2448 424 2480 33
450 2446 491 2479 in
519 2444 777 2481 Germanicum
800 2445 915 2488 favor.

271 2495 325 2527 14.
348 2492 562 2535 Marcellus,
579 2491 881 2527 Schwestersohn
895 2492 959 2527 des

220 2539 428 2584 Augustus,
461 2539 561 2574 starb
586 2543 631 2574 23
657 2551 690 2575 v.
718 2538 801 2574 Chr.
852 2539 959 2574 Seine

223 2585 446 2630 Schwester,
474 2585 638 2621 Antonia
662 2587 798 2630 minor,
824 2586 876 2621 ist
899 2584 959 2621 die

221 2632 360 2668 Mutter
385 2634 450 2669 des
475 2632 725 2669 Germanicus.

271 2684 325 2715 16.
351 2691 487 2716 amores
512 2679 596 2725 „die
616 2680 877 2726 Gegenstande
897 2679 962 2715 der

220 2726 368 2770 Liebe“‚
395 2727 465 2763 wie
491 2727 551 2763 bei
578 2727 717 2764 Cicero.

269 2773 332 2809 42.
359 2778 390 2809 5.
422 2775 477 2809 Im
502 2774 614 2809 Jahre
640 2778 684 2810 36
709 2787 744 2811 v.
771 2773 854 2810 Chr.
879 2784 960 2809 ver·

222 2819 317 2855 trieb
344 2821 526 2856 Antonius
558 2822 629 2857 den
654 2821 871 2857 Ariarathes
895 2831 961 2855 aus

222 2866 488 2912 Kappadocien
531 2869 605 2904 und
643 2869 717 2914 gab
755 2869 820 2904 das
857 2867 962 2903 Laud

1031 2067 1204 2150 Raimigen
1212 2066 1426 2150 Feldgefirn,
1436 2067 1772 2152 deignteRMlitlgtroi-

1057 2125 1352 2206 ἣθθεῌξιίῗίῗνοὲ
1360 2125 1426 2197 δαν
1430 2125 1522 2197 ἕὸὴι·
1524 2127 1599 2197 iffi
1608 2165 1629 2197 2
1639 2175 1676 2198 n.
1679 2126 1769 2200 {lhr'

1031 2209 1267 2299 γὲ81.16ἷιῗ9α,ετ
1293 2254 1426 2291 Caesar
1458 2255 1559 2290 starb
1584 2259 1606 2290 4
1630 2267 1666 2291 n.
1686 2254 1770 2292 Chr.

1080 2307 1112 2339 9.
1138 2304 1291 2345 intutus,
1316 2303 1437 2337 zuerst
1457 2302 1519 2337 bei
1538 2301 1677 2338 Sallust
1694 2303 1771 2338 und

1031 2349 1175 2394 Livius,
1208 2329 1308 2384 dan'n
1339 2348 1391 2384 im
1416 2349 1603 2385 silbernen
1626 2349 1770 2386 Latein.

1032 2417 1077 2422 —
1095 2400 1226 2432 vertere
1245 2396 1338 2431 statt
1357 2400 1506 2432 evertere
1531 2398 1607 2432 eret
1630 2397 1670 2432 in
1697 2397 1771 2433 den

1031 2442 1217 2487 Annalem
1236 2443 1362 2478 frfiher
1382 2455 1452 2478 nur
1465 2443 1526 2479 bei
1538 2443 1771 2480 klassischen

1031 2490 1219 2526 Dichtern.

1081 2541 1133 2572 10.
1159 2537 1293 2580 subole,
1317 2536 1481 2572 namlich
1508 2537 1630 2573 ausser
1654 2536 1770 2573 Gra‘us

1030 2585 1127 2620 noch
1158 2583 1290 2619 Lucius
1316 2583 1446 2629 Casar,
1477 2584 1542 2620 der
1572 2588 1593 2619 2
1625 2597 1659 2620 n.
1715 2586 1769 2621 hr.

1032 2631 1143 2714 emilii·
1160 2669 1260 2713 Uber
1284 2689 1335 2713 an
1359 2689 1384 2714 s.
1406 2689 1451 2713 zu
1478 2681 1509 2720 1,
1530 2681 1586 2713 13.

1082 2728 1135 2760 18.
1162 2726 1363 2769 centesima,
1377 2724 1457 2760 eine
1471 2725 1771 2762 Handelssteuer.

1032 2772 1168 2855 Vg2lb.1’
1181 2775 1445 2864 dginmagene,
1486 2818 1656 2855 nordlich
1698 2829 1771 2855 von

1035 2866 1176 2911 Syrien,
1202 2865 1382 2902 zwischen
1407 2865 1491 2902 dem
1510 2866 1678 2912 Euphrat
1694 2865 1771 2902 und
