1820 3100
582 102 728 140 mssa
752 103 815 140 XI.
846 103 952 141 CAP.
977 107 1129 140 35—37.
1584 103 1641 147 29

78 214 251 254 coactus
282 214 374 254 tam
405 225 566 268 magna
595 212 877 268 peccavisset,
913 211 1023 253 nihil
1052 210 1224 253 referre.
1279 225 1334 253 ne
1366 211 1515 254 Trauli
1551 213 1642 267 qui-

76 271 174 313 dem
203 270 401 313 Montani
433 271 590 327 equitis
614 270 802 314 Romani
832 269 1023 312 defensio
1054 272 1228 325 recepta
1259 272 1335 312 est.
1375 270 1414 312 is
1446 270 1643 315 modesta

73 329 267 385 iuventa,
312 329 387 373 sed
423 344 603 386 corpore
644 329 829 386 insigni,
872 329 1033 372 accitus
1070 330 1185 372 ultro
1225 331 1482 385 noctemque
1525 330 1642 373 intra

72 403 204 431 unam
236 404 262 431 a
292 388 527 432 Messalina
555 388 838 444 proturbatus
870 390 977 444 erat,
1007 388 1185 444 paribus
1216 388 1407 431 lasciviis
1440 388 1494 431 ad
1525 390 1641 444 cupi-

73 446 217 491 dinem
249 451 293 491 et
322 448 508 491 fastidia.
553 447 704 491 Suillio
731 446 976 491 Caesonino
1007 450 1052 490 et
1080 447 1252 490 Plautio
1281 447 1498 490 Laterano
1523 463 1640 491 mors

71 507 318 563 remittitur,
348 507 448 550 huic
473 507 529 550 ob
560 507 706 562 patrui
730 507 953 563 egregium
977 507 1195 549 meritum:
1228 505 1497 550 Caesoninus
1522 507 1641 550 vitiis

71 569 291 621 protectus
311 568 388 622 est,
405 568 631 621 tamquam
649 567 696 608 in
714 566 791 609 illo
811 565 1062 609 foedissimo
1082 569 1208 609 coetu
1226 581 1380 622 passus
1400 566 1641 609 muliebria.

1670 340 1712 371 10

190 625 369 668 Interim
406 625 641 668 Messalina
676 625 943 668 Lucullianis
979 626 1027 668 in
1063 625 1202 668 hortis
1239 626 1457 681 prolatare
1494 626 1642 681 vitam,
1655 623 1711 666 37

59 697 326 739 componere
356 698 518 740 preces,
547 685 759 727 nonnulla
784 699 859 741 spe
885 687 929 727 et
955 685 1185 740 aliquando
1217 685 1298 726 ira:
1329 687 1501 727 tantum
1528 685 1642 727 inter

71 741 263 785 extrema
293 743 519 799 superbiae
551 745 740 800 gerebat.
796 759 847 787 ac
875 744 921 786 ni
952 743 1127 786 caedem
1157 743 1249 786 eius
1280 742 1512 786 Narcissus
1543 759 1640 799 pro-

69 802 327 858 peravisset,
370 805 561 845 verterat
601 803 814 858 pernicies
851 803 899 845 in
935 805 1242 845 accusatorem.
1297 817 1399 845 nam
1436 802 1639 846 Claudius

71 860 248 903 domum
278 875 499 918 regressus
531 864 575 904 et
604 862 875 918 tempestivis
907 861 1047 918 epulis
1079 862 1305 918 delenitus,
1339 862 1413 904 ubi
1443 862 1545 905 vino
1576 862 1640 905 in-

69 920 219 975 caluit,
261 921 317 963 iri
358 922 479 964 iubet
519 921 796 977 nuntiarique
834 922 1018 964 miserae
1055 920 1158 978 (hoc
1195 921 1309 964 enim
1346 921 1476 964 verbo
1513 936 1641 964 usum

67 978 232 1037 ferunt)
277 980 501 1023 dicendam
541 981 595 1022 ad
633 995 807 1023 causam
850 982 1025 1035 postero
1071 980 1139 1023 die
1177 980 1358 1023 adesset.
1413 980 1527 1036 quod
1564 981 1641 1023 ubi

69 1038 264 1082 auditum
301 1041 345 1081 et
380 1040 657 1096 languescere
694 1040 777 1095 ira,
813 1040 951 1082 redire
988 1054 1111 1082 amor
1145 1054 1212 1095 ac,
1250 1040 1287 1082 si
1323 1042 1640 1095 cunctarentur,

69 1098 313 1154 propinqua
348 1113 435 1141 nox
472 1101 515 1141 et
556 1098 698 1141 uxorii
741 1099 925 1142 cubiculi
965 1099 1175 1141 memoria
1216 1099 1498 1154 timebantur,
1539 1114 1639 1155 pro-

69 1157 233 1213 rumpit
268 1156 500 1200 Narcissus
539 1157 848 1213 denuntiatque
885 1158 1211 1201 centurionibus
1250 1160 1293 1200 et
1328 1158 1524 1214 tribuno,
1565 1158 1639 1214 qui

70 1215 236 1271 aderat,
281 1217 454 1272 exsequi
497 1217 690 1260 caedem:
738 1217 803 1260 ita
845 1218 1150 1272 imperatorem
1191 1217 1351 1260 iubere.
1406 1219 1552 1260 custos
1597 1219 1640 1260 et

70 1277 245 1318 exactor
276 1290 299 1317 e
329 1275 498 1318 libertis
523 1275 701 1318 Euodus
734 1276 872 1318 datur.
920 1275 1042 1331 isque
1072 1276 1232 1331 raptim
1262 1276 1307 1318 in
1336 1276 1488 1319 hortos
1518 1291 1640 1331 prae-

69 1345 242 1389 gressus
280 1335 471 1390 repperit
506 1334 650 1377 fusam
685 1335 824 1390 humi,
868 1334 1089 1377 adsidente
1132 1337 1271 1377 matre
1308 1335 1490 1391 Lepida,
1527 1350 1638 1392 quae

66 1391 239 1437 florenti
269 1394 383 1436 filiae
413 1394 529 1436 haud
555 1408 731 1437 concors
757 1394 968 1449 supremis
1001 1394 1092 1437 eius
1122 1394 1454 1437 necessitatibus
1481 1395 1534 1437 ad
1559 1395 1638 1437 mi-

67 1452 328 1496 serationem
354 1453 493 1496 evicta
517 1455 610 1496 erat
635 1453 927 1509 suadebatque
952 1468 1007 1496 ne
1031 1468 1330 1509 percussorem
1350 1454 1637 1509 opperiretur:

66 1511 276 1555 transisse
312 1512 449 1554 vitam
485 1527 624 1568 neque
661 1513 778 1555 aliud
822 1527 951 1568 quam
987 1513 1119 1556 morti
1161 1512 1289 1555 decus
1334 1513 1636 1568 quaerendum.

43 1570 143 1612 -sed
174 1572 316 1614 animo
348 1586 426 1627 per
456 1571 659 1614 libidines
685 1575 888 1628 corrupto
913 1572 1023 1614 nihil
1053 1572 1286 1615 honestum
1316 1572 1478 1627 inerat3
1511 1572 1636 1614 lacri-

66 1643 248 1686 maeque
280 1632 323 1673 et
360 1633 537 1687 questus
574 1631 695 1674 inriti
725 1631 1010 1688 ducebantur,
1047 1646 1145 1674 cum
1174 1631 1340 1686 impetu
1370 1631 1637 1674 venientium

64 1689 213 1743 pulsae
244 1689 357 1732 fores
390 1689 643 1746 adstititque
673 1690 873 1733 tribunus
904 1705 983 1746 per
1015 1690 1250 1746 silentium,
1282 1693 1328 1733 at
1358 1691 1539 1734 libertus
1570 1691 1634 1734 in-

66 1761 245 1803 crepans
277 1749 425 1791 multis
458 1751 502 1791 et
533 1750 762 1792 servilibus
793 1750 977 1805 probris.

116 1926 172 1956 10.
197 1922 311 1958 intra.
350 1913 450 1958 Uber
481 1923 582 1959 diese
609 1923 722 1960 Form
750 1924 815 1959 der

67 1968 304 2015 Anastrophe
329 1981 356 2005 s.
382 1969 479 2005 Einl.
506 1972 538 2013 ὅ.
564 1974 644 2016 116,
671 1981 702 2006 c.

116 2031 171 2063 12.
210 2020 312 2064 Uber
347 2029 500 2065 Suillius
538 2042 564 2066 s.
601 2041 645 2065 zu
677 2029 748 2076 Kp.
782 2034 815 2075 1,

65 2074 158 2110 iiber
182 2074 352 2112 Plautius
377 2088 422 2111 zu
446 2076 515 2122 ΚΡ.
543 2081 600 2113 30.

117 2137 172 2170 14.
198 2138 383 2181 tamquam
417 2136 488 2172 mit
518 2136 604 2172 dem
636 2135 813 2182 Particip‚

67 2181 197 2265 Helge,
224 2186 256 2219 7.
283 2187 316 2228 6,
342 2187 387 2219 36
413 2183 489 2240 und
514 2183 587 2229 oft,
613 2183 728 2219 sehon
752 2183 814 2219 bei

112 2322 177 2359 37.
222 2327 255 2358 2.
299 2334 523 2370 componere,
566 2304 732 2360 namlich
774 2324 814 2359 in

68 2369 190 2406 einem
215 2370 320 2406 Brief
342 2382 390 2407 an
415 2371 489 2407 den
513 2371 654 2407 Kaiser.

113 2432 146 2465 3.
166 2439 362 2475 properare
380 2429 420 2465 in
439 2430 656 2467 transitiver
668 2430 812 2467 Beden-

66 2475 170 2521 tuug,
190 2476 260 2512 wie
283 2480 314 2522 1,
334 2480 390 2513 56.
411 2480 445 2520 2,
466 2481 487 2512 6
507 2477 583 2512 und
602 2478 667 2514 oft.
692 2478 812 2514 Eben-

66 2533 108 2558 so
131 2524 322 2568 festinare3
356 2523 466 2559 beide
491 2524 617 2560 Verba
646 2525 686 2560 in
710 2525 811 2561 dem-

68 2569 195 2606 selben
221 2570 333 2607 Sinne
358 2570 421 2607 bei
446 2571 644 2618 Dichtern,
670 2572 812 2608 Sallust

66 2617 141 2652 und
165 2617 358 2663 Spateren.

113 2679 147 2711 4.
171 2681 325 2714 verterat
343 2677 464 2713 bildet
484 2677 566 2713 eine
585 2679 811 2723 ungewchn-

66 2720 164 2759 liche
202 2723 473 2771 Satzstellung,
512 2724 582 2760 wie
622 2729 653 2769 1,
688 2729 733 2761 23
770 2726 813 2761 ni

59 2779 214 2815 propere
238 2792 282 2798 —
301 2773 565 2820 pernotuissct‚
595 2772 697 2808 haud
720 2773 812 2808 mul-

67 2818 142 2851 tum
166 2818 212 2853 ab
238 2819 350 2854 exitio
383 2820 493 2866 leyati
518 2820 679 2856 aberant.
724 2819 810 2855 hist.

66 2865 102 2907 4,
130 2867 182 2900 18.
208 2865 292 2911 Vgl.
318 2866 415 2902 Einl.
441 2871 472 2910 §-
500 2870 579 2911 103,
608 2870 639 2901 1.

934 1927 968 1959 8.
1000 1924 1228 1969 lanquescere
1257 1925 1334 1960 und
1363 1925 1499 1967 redire,
1523 1923 1636 1960 histo-

887 1971 1010 2007 rische
1034 1971 1218 2007 Infinitive
1243 1971 1295 2006 im
1316 1972 1540 2016 Nebensatz,
1565 1971 1636 2008 wie

889 2022 923 2062 2,
950 2022 972 2053 4
989 2019 1052 2054 sed
1076 2019 1142 2054 ubi
1165 2019 1337 2054 minitari
1362 2018 1579 2055 Artabanus
1603 2022 1637 2054 et

880 2076 1020 2110 parum
1038 2066 1196 2102 subsidii
1213 2067 1256 2102 in
1275 2066 1462 2102 Armeniis
1481 2086 1525 2092 —
1546 2070 1635 2102 erat.

890 2116 945 2157 12,
973 2116 1016 2147 51
1048 2113 1114 2148 ubi
1143 2114 1249 2158 quati
1278 2117 1403 2149 uterus
1434 2117 1467 2149 et
1497 2114 1636 2150 viscera

886 2160 1093 2196 vibrantur.
1139 2160 1174 2195 S.
1200 2161 1296 2197 Einl.
1324 2164 1353 2204 ξ.
1380 2165 1437 2197 92.

937 2222 991 2254 10.
1007 2219 1224 2255 denuntiare
1236 2219 1537 2263 ‚,besehlefflmit
1549 2220 1636 2256 dem

887 2265 1051 2302 Infinitiv
1069 2278 1139 2301 nur
1157 2266 1240 2302 hier
1258 2266 1334 2302 und
1358 2266 1420 2303 bei
1438 2266 1634 2313 Apulejus.

885 2313 929 2348 In
965 2313 1180 2349 demselben
1218 2313 1331 2350 Sinne
1370 2317 1425 2359 16,
1465 2318 1506 2350 11
1552 2325 1635 2360 erqo

885 2361 1037 2396 nuntiat
1067 2362 1175 2406 patri
1211 2362 1351 2397 abicere
1382 2372 1480 2406 spem
1510 2364 1543 2397 et
1578 2363 1636 2398 uti

886 2408 1103 2444 necessitate.

934 2470 989 2502 12.
1015 2470 1162 2502 exactor
1181 2466 1484 2510 ,‚Vollstrecker“
1510 2466 1580 2502 wie
1601 2470 1634 2510 3,

887 2517 931 2548 14
956 2517 1076 2549 custos
1105 2514 1220 2549 saluti
1250 2525 1302 2549 an
1331 2514 1458 2549 mortis
1488 2517 1635 2550 eaeactor

883 2564 1098 2643 selqgizretur.
1143 2560 1223 2596 Liv.
1256 2565 1290 2605 2,
1317 2563 1337 2595 5
1372 2564 1518 2597 exactor
1548 2571 1634 2606 sup·

883 2619 908 2652 p
935 2670 991 2701 13.
1017 2657 1118 2701 Uber
1141 2665 1286 2712 Lepida
1311 2677 1338 2701 S.
1365 2678 1411 2701 zu
1434 2666 1505 2712 ΚΡ.
1534 2670 1565 2701 1.

934 2727 990 2761 15.
1016 2725 1140 2761 evicta.
1162 2724 1248 2770 Vgl.
1270 2728 1326 2770 12,
1346 2728 1391 2761 25
1411 2726 1468 2761 his
1487 2726 1631 2763 evictus.

885 2775 930 2807 49
962 2772 1069 2808 donis
1103 2773 1180 2808 eius
1217 2772 1360 2810 evictus.
1404 2772 1490 2808 hist
1527 2776 1559 2818 2,
1587 2777 1632 2809 64

884 2820 926 2854 in
950 2820 1127 2865 qaudium
1153 2820 1277 2855 evicta.

1667 872 1687 904 5

1667 1167 1710 1199 10

1666 1463 1709 1495 15

1662 1759 1707 1791 20
