<?xml version="1.0" encoding="UTF-8"?>
<!DOCTYPE html PUBLIC "-//W3C//DTD XHTML 1.0 Transitional//EN"
    "http://www.w3.org/TR/xhtml1/DTD/xhtml1-transitional.dtd">
<html xmlns="http://www.w3.org/1999/xhtml" xml:lang="en" lang="en">
 <head>
  <title>
</title>
<meta http-equiv="Content-Type" content="text/html;charset=utf-8" />
  <meta name='ocr-system' content='tesseract 3.04.00' />
  <meta name='ocr-capabilities' content='ocr_page ocr_carea ocr_par ocr_line ocrx_word'/>
</head>
<body>
  <div class='ocr_page' id='page_1' title='image "./dieannalen01taciuoft_0205.png"; bbox 0 0 1820 3100; ppageno 0'>
   <div class='ocr_carea' id='block_1_1' title="bbox 573 89 1119 127">
    <p class='ocr_par' dir='ltr' id='par_1_1' title="bbox 573 89 1119 127">
     <span class='ocr_line' id='line_1_1' title="bbox 573 89 1119 127; baseline -0.002 0"><span class='ocrx_word' id='word_1_1' title='bbox 573 89 717 127; x_wconf 85' lang='lat' dir='ltr'>LIBER</span> <span class='ocrx_word' id='word_1_2' title='bbox 735 89 799 126; x_wconf 92' lang='grc' dir='ltr'><strong>ΙΙΙ.</strong></span> <span class='ocrx_word' id='word_1_3' title='bbox 844 89 947 125; x_wconf 84' lang='grc' dir='ltr'><strong>ΟΑΡ.</strong></span> <span class='ocrx_word' id='word_1_4' title='bbox 967 93 1119 126; x_wconf 78' lang='grc'><strong>69-71,</strong></span> 
     </span>
    </p>
   </div>
   <div class='ocr_carea' id='block_1_2' title="bbox 1552 92 1639 136">
    <p class='ocr_par' dir='ltr' id='par_1_2' title="bbox 1552 92 1639 136">
     <span class='ocr_line' id='line_1_2' title="bbox 1552 92 1639 136; baseline 0.023 -2"><span class='ocrx_word' id='word_1_5' title='bbox 1552 92 1639 136; x_wconf 87' lang='grc'><strong>193</strong></span> 
     </span>
    </p>
   </div>
   <div class='ocr_carea' id='block_1_3' title="bbox 74 196 1639 256">
    <p class='ocr_par' dir='ltr' id='par_1_3' title="bbox 74 196 1639 256">
     <span class='ocr_line' id='line_1_3' title="bbox 74 196 1639 256; baseline 0 -13"><span class='ocrx_word' id='word_1_6' title='bbox 74 198 211 243; x_wconf 82' lang='lat' dir='ltr'><strong>Silani</strong></span> <span class='ocrx_word' id='word_1_7' title='bbox 238 199 515 256; x_wconf 83' lang='lat' dir='ltr'><strong>Torquatam,</strong></span> <span class='ocrx_word' id='word_1_8' title='bbox 545 199 711 254; x_wconf 88' lang='lat' dir='ltr'><strong>priscae</strong></span> <span class='ocrx_word' id='word_1_9' title='bbox 743 196 1054 239; x_wconf 84' lang='lat' dir='ltr'><strong>sanctimoniae</strong></span> <span class='ocrx_word' id='word_1_10' title='bbox 1079 197 1304 254; x_wconf 85' lang='lat' dir='ltr'><strong>virginem,</strong></span> <span class='ocrx_word' id='word_1_11' title='bbox 1336 201 1545 253; x_wconf 85' lang='lat' dir='ltr'><strong>expetere.</strong></span> <span class='ocrx_word' id='word_1_12' title='bbox 1592 201 1639 243; x_wconf 91' lang='lat' dir='ltr'><strong>in</strong></span> 
     </span>
    </p>
   </div>
   <div class='ocr_carea' id='block_1_4' title="bbox 72 256 1710 371">
    <p class='ocr_par' dir='ltr' id='par_1_4' title="bbox 72 256 1710 371">
     <span class='ocr_line' id='line_1_4' title="bbox 72 256 875 301; baseline -0.004 0"><span class='ocrx_word' id='word_1_13' title='bbox 72 259 185 301; x_wconf 88' lang='lat' dir='ltr'><strong>hanc</strong></span> <span class='ocrx_word' id='word_1_14' title='bbox 218 259 478 301; x_wconf 73' lang='lat' dir='ltr'><strong>sententiam</strong></span> <span class='ocrx_word' id='word_1_15' title='bbox 509 257 625 300; x_wconf 89' lang='lat' dir='ltr'><strong>facta</strong></span> <span class='ocrx_word' id='word_1_16' title='bbox 657 256 875 299; x_wconf 82' lang='lat' dir='ltr'><strong>discessio.</strong></span> 
     </span>
     <span class='ocr_line' id='line_1_5' title="bbox 193 314 1710 371; baseline 0 -11"><span class='ocrx_word' id='word_1_17' title='bbox 193 317 300 360; x_wconf 90' lang='lat' dir='ltr'><strong>Post</strong></span> <span class='ocrx_word' id='word_1_18' title='bbox 348 317 482 360; x_wconf 87' lang='lat' dir='ltr'><strong>auditi</strong></span> <span class='ocrx_word' id='word_1_19' title='bbox 527 314 810 371; x_wconf 87' lang='lat' dir='ltr'><strong>Cyrenenses,</strong></span> <span class='ocrx_word' id='word_1_20' title='bbox 860 317 904 357; x_wconf 92' lang='lat' dir='ltr'><strong>et</strong></span> <span class='ocrx_word' id='word_1_21' title='bbox 953 317 1180 357; x_wconf 75' lang='lat' dir='ltr'><strong>accusante</strong></span> <span class='ocrx_word' id='word_1_22' title='bbox 1223 315 1444 358; x_wconf 88' lang='lat' dir='ltr'><strong>Anchario</strong></span> <span class='ocrx_word' id='word_1_23' title='bbox 1487 316 1636 360; x_wconf 86' lang='lat' dir='ltr'><strong>Prisco</strong></span> <span class='ocrx_word' id='word_1_24' title='bbox 1651 320 1710 363; x_wconf 82' lang='grc'><strong>70</strong></span> 
     </span>
    </p>
   </div>
   <div class='ocr_carea' id='block_1_5' title="bbox 72 373 1688 737">
    <p class='ocr_par' dir='ltr' id='par_1_5' title="bbox 72 373 1688 725">
     <span class='ocr_line' id='line_1_6' title="bbox 72 373 1638 430; baseline -0.001 -10"><span class='ocrx_word' id='word_1_25' title='bbox 72 376 250 420; x_wconf 84' lang='lat' dir='ltr'><strong>Caesius</strong></span> <span class='ocrx_word' id='word_1_26' title='bbox 283 375 447 420; x_wconf 89' lang='lat' dir='ltr'><strong>Cordus</strong></span> <span class='ocrx_word' id='word_1_27' title='bbox 478 375 813 430; x_wconf 88' lang='lat' dir='ltr'><strong>repetundarum</strong></span> <span class='ocrx_word' id='word_1_28' title='bbox 845 374 1084 417; x_wconf 87' lang='lat' dir='ltr'><strong>damnatur.</strong></span> <span class='ocrx_word' id='word_1_29' title='bbox 1146 373 1193 416; x_wconf 92' lang='lat' dir='ltr'><strong>L.</strong></span> <span class='ocrx_word' id='word_1_30' title='bbox 1222 374 1416 417; x_wconf 84' lang='lat' dir='ltr'><strong>Ennium</strong></span> <span class='ocrx_word' id='word_1_31' title='bbox 1449 376 1638 430; x_wconf 91' lang='lat' dir='ltr'><strong>equitem</strong></span> 
     </span>
     <span class='ocr_line' id='line_1_7' title="bbox 72 432 1637 503; baseline -0.001 -25"><span class='ocrx_word' id='word_1_32' title='bbox 72 436 329 503; x_wconf 84' lang='lat' dir='ltr'><strong>Romanum,</strong></span> <span class='ocrx_word' id='word_1_33' title='bbox 361 434 602 480; x_wconf 89' lang='lat' dir='ltr'><strong>maiestatis</strong></span> <span class='ocrx_word' id='word_1_34' title='bbox 632 434 912 489; x_wconf 84' lang='lat' dir='ltr'><strong>postulatum,</strong></span> <span class='ocrx_word' id='word_1_35' title='bbox 939 433 1052 488; x_wconf 92' lang='lat' dir='ltr'><strong>quod</strong></span> <span class='ocrx_word' id='word_1_36' title='bbox 1078 432 1267 489; x_wconf 90' lang='lat' dir='ltr'><strong>effigiem</strong></span> <span class='ocrx_word' id='word_1_37' title='bbox 1297 434 1507 489; x_wconf 89' lang='lat' dir='ltr'><strong>principis</strong></span> <span class='ocrx_word' id='word_1_38' title='bbox 1538 449 1637 491; x_wconf 91' lang='lat' dir='ltr'><strong>pro-</strong></span> 
     </span>
     <span class='ocr_line' id='line_1_8' title="bbox 73 491 1640 548; baseline 0 -12"><span class='ocrx_word' id='word_1_39' title='bbox 73 495 254 538; x_wconf 91' lang='lat' dir='ltr'><strong>miscum</strong></span> <span class='ocrx_word' id='word_1_40' title='bbox 297 494 349 536; x_wconf 91' lang='lat' dir='ltr'><strong>ad</strong></span> <span class='ocrx_word' id='word_1_41' title='bbox 394 508 519 536; x_wconf 91' lang='lat' dir='ltr'><strong>usum</strong></span> <span class='ocrx_word' id='word_1_42' title='bbox 563 493 732 548; x_wconf 85' lang='lat' dir='ltr'><strong>argenti</strong></span> <span class='ocrx_word' id='word_1_43' title='bbox 769 493 988 543; x_wconf 87' lang='lat' dir='ltr'><strong>vertisset,</strong></span> <span class='ocrx_word' id='word_1_44' title='bbox 1028 492 1161 547; x_wconf 88' lang='lat' dir='ltr'><strong>recipi</strong></span> <span class='ocrx_word' id='word_1_45' title='bbox 1193 491 1353 535; x_wconf 88' lang='lat' dir='ltr'><strong>Caesar</strong></span> <span class='ocrx_word' id='word_1_46' title='bbox 1390 493 1503 535; x_wconf 91' lang='lat' dir='ltr'><strong>inter</strong></span> <span class='ocrx_word' id='word_1_47' title='bbox 1539 508 1640 536; x_wconf 88' lang='lat' dir='ltr'><strong>reos</strong></span> 
     </span>
     <span class='ocr_line' id='line_1_9' title="bbox 72 550 1688 620; baseline 0.001 -24"><span class='ocrx_word' id='word_1_48' title='bbox 72 554 224 608; x_wconf 84' lang='lat' dir='ltr'><strong>vetuit,</strong></span> <span class='ocrx_word' id='word_1_49' title='bbox 254 554 398 620; x_wconf 84' lang='lat' dir='ltr'><strong>palam</strong></span> <span class='ocrx_word' id='word_1_50' title='bbox 431 554 688 619; x_wconf 79' lang='lat' dir='ltr'><strong>aspernante</strong></span> <span class='ocrx_word' id='word_1_51' title='bbox 712 550 844 593; x_wconf 87' lang='lat' dir='ltr'><strong>Ateio</strong></span> <span class='ocrx_word' id='word_1_52' title='bbox 871 550 1083 618; x_wconf 83' lang='lat' dir='ltr'><strong>Capitone</strong></span> <span class='ocrx_word' id='word_1_53' title='bbox 1115 551 1238 606; x_wconf 90' lang='lat' dir='ltr'><strong>quasi</strong></span> <span class='ocrx_word' id='word_1_54' title='bbox 1270 566 1347 606; x_wconf 89' lang='lat' dir='ltr'><strong>per</strong></span> <span class='ocrx_word' id='word_1_55' title='bbox 1376 552 1638 596; x_wconf 84' lang='lat' dir='ltr'><strong>libertatem.</strong></span> <span class='ocrx_word' id='word_1_56' title='bbox 1663 565 1688 598; x_wconf 83' lang='lat'><strong>5</strong></span> 
     </span>
     <span class='ocr_line' id='line_1_10' title="bbox 72 610 1639 666; baseline -0.001 -11"><span class='ocrx_word' id='word_1_57' title='bbox 72 627 160 655; x_wconf 89' lang='lat' dir='ltr'><strong>non</strong></span> <span class='ocrx_word' id='word_1_58' title='bbox 201 613 314 654; x_wconf 89' lang='lat' dir='ltr'><strong>enim</strong></span> <span class='ocrx_word' id='word_1_59' title='bbox 351 612 503 653; x_wconf 89' lang='lat' dir='ltr'><strong>debere</strong></span> <span class='ocrx_word' id='word_1_60' title='bbox 543 611 650 666; x_wconf 88' lang='lat' dir='ltr'><strong>eripi</strong></span> <span class='ocrx_word' id='word_1_61' title='bbox 687 611 886 666; x_wconf 90' lang='lat' dir='ltr'><strong>patribus</strong></span> <span class='ocrx_word' id='word_1_62' title='bbox 918 610 1007 653; x_wconf 85' lang='lat' dir='ltr'><strong>vim</strong></span> <span class='ocrx_word' id='word_1_63' title='bbox 1045 611 1262 652; x_wconf 88' lang='lat' dir='ltr'><strong>statuendi</strong></span> <span class='ocrx_word' id='word_1_64' title='bbox 1294 625 1433 666; x_wconf 90' lang='lat' dir='ltr'><strong>neque</strong></span> <span class='ocrx_word' id='word_1_65' title='bbox 1463 614 1639 654; x_wconf 88' lang='lat' dir='ltr'><strong>tantum</strong></span> 
     </span>
     <span class='ocr_line' id='line_1_11' title="bbox 74 669 1639 737; baseline 0 -24"><span class='ocrx_word' id='word_1_66' title='bbox 74 671 370 714; x_wconf 87' lang='lat' dir='ltr'><strong>maleficium</strong></span> <span class='ocrx_word' id='word_1_67' title='bbox 358 685 535 737; x_wconf 79' lang='lat' dir='ltr'><strong>impune</strong></span> <span class='ocrx_word' id='word_1_68' title='bbox 557 669 816 712; x_wconf 90' lang='lat' dir='ltr'><strong>habendum.</strong></span> <span class='ocrx_word' id='word_1_69' title='bbox 855 683 957 711; x_wconf 92' lang='lat' dir='ltr'><strong>sane</strong></span> <span class='ocrx_word' id='word_1_70' title='bbox 982 669 1163 711; x_wconf 88' lang='lat' dir='ltr'><strong>lentus</strong></span> <span class='ocrx_word' id='word_1_71' title='bbox 1150 684 1196 711; x_wconf 88' lang='lat' dir='ltr'><strong>m</strong></span> <span class='ocrx_word' id='word_1_72' title='bbox 1228 684 1306 712; x_wconf 92' lang='lat' dir='ltr'><strong>suo</strong></span> <span class='ocrx_word' id='word_1_73' title='bbox 1332 670 1480 713; x_wconf 88' lang='lat' dir='ltr'><strong>dolore</strong></span> <span class='ocrx_word' id='word_1_74' title='bbox 1506 673 1639 713; x_wconf 90' lang='lat' dir='ltr'><strong>esset:</strong></span> 
     </span>
    </p>
   </div>
   <div class='ocr_carea' id='block_1_6' title="bbox 75 729 961 785">
    <p class='ocr_par' dir='ltr' id='par_1_6' title="bbox 75 729 961 785">
     <span class='ocr_line' id='line_1_12' title="bbox 75 729 961 785; baseline -0.002 -13"><span class='ocrx_word' id='word_1_75' title='bbox 75 731 136 784; x_wconf 83' lang='lat' dir='ltr'><strong>rei</strong></span> <span class='ocrx_word' id='word_1_76' title='bbox 173 730 372 785; x_wconf 80' lang='lat' dir='ltr'><strong>publicae</strong></span> <span class='ocrx_word' id='word_1_77' title='bbox 408 729 587 771; x_wconf 86' lang='lat' dir='ltr'><strong>iniurias</strong></span> <span class='ocrx_word' id='word_1_78' title='bbox 625 743 680 771; x_wconf 91' lang='lat' dir='ltr'><strong>ne</strong></span> <span class='ocrx_word' id='word_1_79' title='bbox 716 729 961 784; x_wconf 87' lang='lat' dir='ltr'><strong>largiretur.</strong></span> 
     </span>
    </p>
   </div>
   <div class='ocr_carea' id='block_1_7' title="bbox 1033 728 1639 785">
    <p class='ocr_par' dir='ltr' id='par_1_7' title="bbox 1033 728 1639 785">
     <span class='ocr_line' id='line_1_13' title="bbox 1033 728 1639 785; baseline 0.003 -15"><span class='ocrx_word' id='word_1_80' title='bbox 1033 728 1246 770; x_wconf 85' lang='lat' dir='ltr'><strong>intellexit</strong></span> <span class='ocrx_word' id='word_1_81' title='bbox 1283 728 1391 771; x_wconf 86' lang='lat' dir='ltr'><strong>haec</strong></span> <span class='ocrx_word' id='word_1_82' title='bbox 1426 728 1639 785; x_wconf 87' lang='lat' dir='ltr'><strong>Tiberius,</strong></span> 
     </span>
    </p>
   </div>
   <div class='ocr_carea' id='block_1_8' title="bbox 73 780 1639 844">
    <p class='ocr_par' dir='ltr' id='par_1_8' title="bbox 73 780 1639 844">
     <span class='ocr_line' id='line_1_14' title="bbox 73 780 1639 844; baseline 0 -13"><span class='ocrx_word' id='word_1_83' title='bbox 73 780 123 831; x_wconf 89' lang='lat' dir='ltr'><strong>ut</strong></span> <span class='ocrx_word' id='word_1_84' title='bbox 154 791 278 831; x_wconf 87' lang='lat' dir='ltr'><strong>erant</strong></span> <span class='ocrx_word' id='word_1_85' title='bbox 321 789 459 844; x_wconf 90' lang='lat' dir='ltr'><strong>magis</strong></span> <span class='ocrx_word' id='word_1_86' title='bbox 491 802 621 843; x_wconf 92' lang='lat' dir='ltr'><strong>quam</strong></span> <span class='ocrx_word' id='word_1_87' title='bbox 667 790 716 829; x_wconf 91' lang='lat' dir='ltr'><strong>ut</strong></span> <span class='ocrx_word' id='word_1_88' title='bbox 747 787 1016 842; x_wconf 78' lang='lat' dir='ltr'><strong>dicebantur,</strong></span> <span class='ocrx_word' id='word_1_89' title='bbox 1055 788 1331 843; x_wconf 88' lang='lat' dir='ltr'><strong>perstititque</strong></span> <span class='ocrx_word' id='word_1_90' title='bbox 1363 789 1639 831; x_wconf 87' lang='lat' dir='ltr'><strong>intercedere.</strong></span> 
     </span>
    </p>
   </div>
   <div class='ocr_carea' id='block_1_9' title="bbox 73 846 1713 914">
    <p class='ocr_par' dir='ltr' id='par_1_9' title="bbox 73 846 1713 914">
     <span class='ocr_line' id='line_1_15' title="bbox 73 846 1713 914; baseline 0.002 -25"><span class='ocrx_word' id='word_1_91' title='bbox 73 846 229 914; x_wconf 82' lang='lat' dir='ltr'><strong>Capito</strong></span> <span class='ocrx_word' id='word_1_92' title='bbox 267 847 520 914; x_wconf 81' lang='lat' dir='ltr'><strong>insignitior</strong></span> <span class='ocrx_word' id='word_1_93' title='bbox 557 847 738 889; x_wconf 89' lang='lat' dir='ltr'><strong>infamia</strong></span> <span class='ocrx_word' id='word_1_94' title='bbox 773 846 876 901; x_wconf 89' lang='lat' dir='ltr'><strong>fuit,</strong></span> <span class='ocrx_word' id='word_1_95' title='bbox 915 846 1029 901; x_wconf 92' lang='lat' dir='ltr'><strong>quod</strong></span> <span class='ocrx_word' id='word_1_96' title='bbox 1067 846 1246 889; x_wconf 90' lang='lat' dir='ltr'><strong>humani</strong></span> <span class='ocrx_word' id='word_1_97' title='bbox 1278 847 1498 910; x_wconf 86' lang='lat' dir='ltr'><strong>divinique</strong></span> <span class='ocrx_word' id='word_1_98' title='bbox 1530 848 1637 890; x_wconf 87' lang='lat' dir='ltr'><strong>iuris</strong></span> <span class='ocrx_word' id='word_1_99' title='bbox 1665 860 1713 893; x_wconf 85' lang='lat'><strong>10</strong></span> 
     </span>
    </p>
   </div>
   <div class='ocr_carea' id='block_1_10' title="bbox 71 903 1638 962">
    <p class='ocr_par' dir='ltr' id='par_1_10' title="bbox 71 903 1638 962">
     <span class='ocr_line' id='line_1_16' title="bbox 71 903 1638 962; baseline 0.001 -14"><span class='ocrx_word' id='word_1_100' title='bbox 71 907 210 949; x_wconf 89' lang='lat' dir='ltr'><strong>sciens</strong></span> <span class='ocrx_word' id='word_1_101' title='bbox 237 907 457 962; x_wconf 89' lang='lat' dir='ltr'><strong>egregium</strong></span> <span class='ocrx_word' id='word_1_102' title='bbox 482 906 702 961; x_wconf 87' lang='lat' dir='ltr'><strong>publicum</strong></span> <span class='ocrx_word' id='word_1_103' title='bbox 730 907 774 947; x_wconf 88' lang='lat' dir='ltr'><strong>et</strong></span> <span class='ocrx_word' id='word_1_104' title='bbox 804 906 942 948; x_wconf 89' lang='lat' dir='ltr'><strong>bonas</strong></span> <span class='ocrx_word' id='word_1_105' title='bbox 969 906 1086 948; x_wconf 90' lang='lat' dir='ltr'><strong>domi</strong></span> <span class='ocrx_word' id='word_1_106' title='bbox 1111 908 1225 947; x_wconf 89' lang='lat' dir='ltr'><strong>artes</strong></span> <span class='ocrx_word' id='word_1_107' title='bbox 1251 903 1638 949; x_wconf 83' lang='lat' dir='ltr'><strong>dehonestavisset.</strong></span> 
     </span>
    </p>
   </div>
   <div class='ocr_carea' id='block_1_11' title="bbox 188 964 1712 1021">
    <p class='ocr_par' dir='ltr' id='par_1_11' title="bbox 188 964 1712 1021">
     <span class='ocr_line' id='line_1_17' title="bbox 188 964 1712 1021; baseline 0.002 -14"><span class='ocrx_word' id='word_1_108' title='bbox 188 964 372 1007; x_wconf 81' lang='lat' dir='ltr'><strong>Incessit</strong></span> <span class='ocrx_word' id='word_1_109' title='bbox 409 965 508 1007; x_wconf 90' lang='lat' dir='ltr'><strong>dein</strong></span> <span class='ocrx_word' id='word_1_110' title='bbox 543 965 718 1021; x_wconf 88' lang='lat' dir='ltr'><strong>religio,</strong></span> <span class='ocrx_word' id='word_1_111' title='bbox 756 979 946 1019; x_wconf 90' lang='lat' dir='ltr'><strong>quonam</strong></span> <span class='ocrx_word' id='word_1_112' title='bbox 983 965 1027 1006; x_wconf 90' lang='lat' dir='ltr'><strong>in</strong></span> <span class='ocrx_word' id='word_1_113' title='bbox 1065 965 1230 1019; x_wconf 86' lang='lat' dir='ltr'><strong>templo</strong></span> <span class='ocrx_word' id='word_1_114' title='bbox 1263 965 1495 1007; x_wconf 89' lang='lat' dir='ltr'><strong>locandum</strong></span> <span class='ocrx_word' id='word_1_115' title='bbox 1525 965 1639 1008; x_wconf 86' lang='lat' dir='ltr'><strong>foret</strong></span> <span class='ocrx_word' id='word_1_116' title='bbox 1653 967 1712 1011; x_wconf 82' lang='lat'><strong>71</strong></span> 
     </span>
    </p>
   </div>
   <div class='ocr_carea' id='block_1_12' title="bbox 68 1023 1685 1316">
    <p class='ocr_par' dir='ltr' id='par_1_12' title="bbox 68 1023 1685 1316">
     <span class='ocr_line' id='line_1_18' title="bbox 69 1023 1635 1079; baseline 0.001 -13"><span class='ocrx_word' id='word_1_117' title='bbox 69 1023 249 1078; x_wconf 87' lang='lat' dir='ltr'><strong>donum,</strong></span> <span class='ocrx_word' id='word_1_118' title='bbox 281 1024 394 1079; x_wconf 93' lang='lat' dir='ltr'><strong>quod</strong></span> <span class='ocrx_word' id='word_1_119' title='bbox 432 1038 510 1078; x_wconf 91' lang='lat' dir='ltr'><strong>pro</strong></span> <span class='ocrx_word' id='word_1_120' title='bbox 541 1024 788 1066; x_wconf 86' lang='lat' dir='ltr'><strong>valetudine</strong></span> <span class='ocrx_word' id='word_1_121' title='bbox 827 1023 1052 1079; x_wconf 85' lang='lat' dir='ltr'><strong>Augustae</strong></span> <span class='ocrx_word' id='word_1_122' title='bbox 1090 1023 1256 1078; x_wconf 90' lang='lat' dir='ltr'><strong>equites</strong></span> <span class='ocrx_word' id='word_1_123' title='bbox 1287 1023 1475 1066; x_wconf 88' lang='lat' dir='ltr'><strong>Romani</strong></span> <span class='ocrx_word' id='word_1_124' title='bbox 1507 1039 1635 1067; x_wconf 83' lang='lat' dir='ltr'><strong>vove-</strong></span> 
     </span>
     <span class='ocr_line' id='line_1_19' title="bbox 69 1082 1635 1137; baseline 0.001 -13"><span class='ocrx_word' id='word_1_125' title='bbox 69 1085 170 1125; x_wconf 88' lang='lat' dir='ltr'><strong>rant</strong></span> <span class='ocrx_word' id='word_1_126' title='bbox 209 1083 395 1137; x_wconf 85' lang='lat' dir='ltr'><strong>equestri</strong></span> <span class='ocrx_word' id='word_1_127' title='bbox 425 1083 661 1125; x_wconf 85' lang='lat' dir='ltr'><strong>Fortunae:</strong></span> <span class='ocrx_word' id='word_1_128' title='bbox 697 1097 800 1124; x_wconf 90' lang='lat' dir='ltr'><strong>nam</strong></span> <span class='ocrx_word' id='word_1_129' title='bbox 838 1083 918 1124; x_wconf 90' lang='lat' dir='ltr'><strong>etsi</strong></span> <span class='ocrx_word' id='word_1_130' title='bbox 951 1082 1129 1124; x_wconf 88' lang='lat' dir='ltr'><strong>delubra</strong></span> <span class='ocrx_word' id='word_1_131' title='bbox 1160 1082 1250 1124; x_wconf 88' lang='lat' dir='ltr'><strong>eius</strong></span> <span class='ocrx_word' id='word_1_132' title='bbox 1284 1083 1388 1125; x_wconf 89' lang='lat' dir='ltr'><strong>deae</strong></span> <span class='ocrx_word' id='word_1_133' title='bbox 1419 1084 1557 1126; x_wconf 78' lang='lat' dir='ltr'><strong>mult-a</strong></span> <span class='ocrx_word' id='word_1_134' title='bbox 1588 1084 1635 1127; x_wconf 88' lang='lat' dir='ltr'><strong>in</strong></span> 
     </span>
     <span class='ocr_line' id='line_1_20' title="bbox 70 1142 1637 1198; baseline 0.001 -15"><span class='ocrx_word' id='word_1_135' title='bbox 70 1142 186 1197; x_wconf 85' lang='lat' dir='ltr'><strong>urbe,</strong></span> <span class='ocrx_word' id='word_1_136' title='bbox 211 1142 377 1183; x_wconf 89' lang='lat' dir='ltr'><strong>nullam</strong></span> <span class='ocrx_word' id='word_1_137' title='bbox 402 1144 548 1183; x_wconf 87' lang='lat' dir='ltr'><strong>tamen</strong></span> <span class='ocrx_word' id='word_1_138' title='bbox 573 1142 653 1184; x_wconf 89' lang='lat' dir='ltr'><strong>tali</strong></span> <span class='ocrx_word' id='word_1_139' title='bbox 677 1143 964 1198; x_wconf 90' lang='lat' dir='ltr'><strong>cognomento</strong></span> <span class='ocrx_word' id='word_1_140' title='bbox 990 1143 1094 1185; x_wconf 90' lang='lat' dir='ltr'><strong>erat.</strong></span> <span class='ocrx_word' id='word_1_141' title='bbox 1148 1144 1365 1197; x_wconf 90' lang='lat' dir='ltr'><strong>repertum</strong></span> <span class='ocrx_word' id='word_1_142' title='bbox 1392 1145 1458 1185; x_wconf 89' lang='lat' dir='ltr'><strong>est</strong></span> <span class='ocrx_word' id='word_1_143' title='bbox 1485 1143 1637 1185; x_wconf 88' lang='lat' dir='ltr'><strong>aedem</strong></span> 
     </span>
     <span class='ocr_line' id='line_1_21' title="bbox 68 1200 1685 1257; baseline 0.002 -15"><span class='ocrx_word' id='word_1_144' title='bbox 68 1214 164 1242; x_wconf 83' lang='lat' dir='ltr'><strong>esse</strong></span> <span class='ocrx_word' id='word_1_145' title='bbox 202 1201 314 1256; x_wconf 88' lang='lat' dir='ltr'><strong>apud</strong></span> <span class='ocrx_word' id='word_1_146' title='bbox 350 1200 546 1255; x_wconf 85' lang='lat' dir='ltr'><strong>Antium,</strong></span> <span class='ocrx_word' id='word_1_147' title='bbox 590 1215 699 1256; x_wconf 91' lang='lat' dir='ltr'><strong>quae</strong></span> <span class='ocrx_word' id='word_1_148' title='bbox 741 1201 802 1242; x_wconf 90' lang='lat' dir='ltr'><strong>sic</strong></span> <span class='ocrx_word' id='word_1_149' title='bbox 838 1202 1174 1255; x_wconf 89' lang='lat' dir='ltr'><strong>nuncuparetur,</strong></span> <span class='ocrx_word' id='word_1_150' title='bbox 1213 1203 1471 1257; x_wconf 86' lang='lat' dir='ltr'><strong>cunctasque</strong></span> <span class='ocrx_word' id='word_1_151' title='bbox 1504 1201 1637 1244; x_wconf 85' lang='lat' dir='ltr'><strong>caeri-</strong></span> <span class='ocrx_word' id='word_1_152' title='bbox 1661 1214 1685 1246; x_wconf 83' lang='lat'><strong>5</strong></span> 
     </span>
     <span class='ocr_line' id='line_1_22' title="bbox 69 1259 1634 1316; baseline 0.001 -15"><span class='ocrx_word' id='word_1_153' title='bbox 69 1259 237 1302; x_wconf 87' lang='lat' dir='ltr'><strong>monias</strong></span> <span class='ocrx_word' id='word_1_154' title='bbox 262 1259 424 1302; x_wconf 86' lang='lat' dir='ltr'><strong>Italicis</strong></span> <span class='ocrx_word' id='word_1_155' title='bbox 451 1260 497 1301; x_wconf 90' lang='lat' dir='ltr'><strong>in</strong></span> <span class='ocrx_word' id='word_1_156' title='bbox 524 1260 693 1315; x_wconf 91' lang='lat' dir='ltr'><strong>oppidis</strong></span> <span class='ocrx_word' id='word_1_157' title='bbox 728 1260 975 1314; x_wconf 89' lang='lat' dir='ltr'><strong>templaque</strong></span> <span class='ocrx_word' id='word_1_158' title='bbox 1001 1261 1044 1300; x_wconf 92' lang='lat' dir='ltr'><strong>et</strong></span> <span class='ocrx_word' id='word_1_159' title='bbox 1074 1259 1299 1302; x_wconf 89' lang='lat' dir='ltr'><strong>numinum</strong></span> <span class='ocrx_word' id='word_1_160' title='bbox 1327 1260 1494 1316; x_wconf 87' lang='lat' dir='ltr'><strong>effigies</strong></span> <span class='ocrx_word' id='word_1_161' title='bbox 1525 1261 1634 1303; x_wconf 85' lang='lat' dir='ltr'><strong>iuris</strong></span> 
     </span>
    </p>
   </div>
   <div class='ocr_carea' id='block_1_13' title="bbox 69 1317 752 1374">
    <p class='ocr_par' dir='ltr' id='par_1_13' title="bbox 69 1317 752 1374">
     <span class='ocr_line' id='line_1_23' title="bbox 69 1317 752 1374; baseline 0.001 -14"><span class='ocrx_word' id='word_1_162' title='bbox 69 1320 199 1373; x_wconf 89' lang='lat' dir='ltr'><strong>atque</strong></span> <span class='ocrx_word' id='word_1_163' title='bbox 229 1319 401 1374; x_wconf 90' lang='lat' dir='ltr'><strong>imperii</strong></span> <span class='ocrx_word' id='word_1_164' title='bbox 432 1317 617 1360; x_wconf 89' lang='lat' dir='ltr'><strong>Romani</strong></span> <span class='ocrx_word' id='word_1_165' title='bbox 649 1333 752 1361; x_wconf 88' lang='lat' dir='ltr'><strong>esse.</strong></span> 
     </span>
    </p>
   </div>
   <div class='ocr_carea' id='block_1_14' title="bbox 823 1318 1636 1373">
    <p class='ocr_par' dir='ltr' id='par_1_14' title="bbox 823 1318 1636 1373">
     <span class='ocr_line' id='line_1_24' title="bbox 823 1318 1636 1373; baseline 0.004 -14"><span class='ocrx_word' id='word_1_166' title='bbox 823 1319 888 1360; x_wconf 88' lang='lat' dir='ltr'><strong>ita</strong></span> <span class='ocrx_word' id='word_1_167' title='bbox 919 1318 1077 1360; x_wconf 86' lang='lat' dir='ltr'><strong>donum</strong></span> <span class='ocrx_word' id='word_1_168' title='bbox 1118 1318 1232 1373; x_wconf 87' lang='lat' dir='ltr'><strong>apud</strong></span> <span class='ocrx_word' id='word_1_169' title='bbox 1263 1318 1447 1361; x_wconf 86' lang='lat' dir='ltr'><strong>Antium</strong></span> <span class='ocrx_word' id='word_1_170' title='bbox 1479 1320 1636 1362; x_wconf 89' lang='lat' dir='ltr'><strong>statui-</strong></span> 
     </span>
    </p>
   </div>
   <div class='ocr_carea' id='block_1_15' title="bbox 67 1376 1637 1491">
    <p class='ocr_par' dir='ltr' id='par_1_15' title="bbox 67 1376 1637 1491">
     <span class='ocr_line' id='line_1_25' title="bbox 67 1376 1637 1434; baseline 0.001 -15"><span class='ocrx_word' id='word_1_171' title='bbox 67 1379 149 1419; x_wconf 90' lang='lat' dir='ltr'><strong>tur.</strong></span> <span class='ocrx_word' id='word_1_172' title='bbox 213 1380 256 1420; x_wconf 89' lang='lat' dir='ltr'><strong>et</strong></span> <span class='ocrx_word' id='word_1_173' title='bbox 297 1377 500 1432; x_wconf 90' lang='lat' dir='ltr'><strong>quoniam</strong></span> <span class='ocrx_word' id='word_1_174' title='bbox 539 1377 590 1419; x_wconf 90' lang='lat' dir='ltr'><strong>de</strong></span> <span class='ocrx_word' id='word_1_175' title='bbox 627 1377 909 1431; x_wconf 89' lang='lat' dir='ltr'><strong>religionibus</strong></span> <span class='ocrx_word' id='word_1_176' title='bbox 946 1376 1237 1432; x_wconf 88' lang='lat' dir='ltr'><strong>tractabatur,</strong></span> <span class='ocrx_word' id='word_1_177' title='bbox 1274 1377 1457 1420; x_wconf 86' lang='lat' dir='ltr'><strong>dilatum</strong></span> <span class='ocrx_word' id='word_1_178' title='bbox 1497 1393 1637 1434; x_wconf 88' lang='lat' dir='ltr'><strong>nuper</strong></span> 
     </span>
     <span class='ocr_line' id='line_1_26' title="bbox 68 1434 1636 1491; baseline 0.001 -13"><span class='ocrx_word' id='word_1_179' title='bbox 68 1450 325 1491; x_wconf 88' lang='lat' dir='ltr'><strong>responsum</strong></span> <span class='ocrx_word' id='word_1_180' title='bbox 357 1436 582 1478; x_wconf 86' lang='lat' dir='ltr'><strong>adversum</strong></span> <span class='ocrx_word' id='word_1_181' title='bbox 614 1434 810 1478; x_wconf 86' lang='lat' dir='ltr'><strong>Servium</strong></span> <span class='ocrx_word' id='word_1_182' title='bbox 842 1435 1186 1491; x_wconf 90' lang='lat' dir='ltr'><strong>Maluginensem</strong></span> <span class='ocrx_word' id='word_1_183' title='bbox 1215 1436 1437 1479; x_wconf 88' lang='lat' dir='ltr'><strong>flaminem</strong></span> <span class='ocrx_word' id='word_1_184' title='bbox 1463 1437 1636 1479; x_wconf 91' lang='lat' dir='ltr'><strong>Dialem</strong></span> 
     </span>
    </p>
   </div>
   <div class='ocr_carea' id='block_1_16' title="bbox 68 1493 1718 1551">
    <p class='ocr_par' dir='ltr' id='par_1_16' title="bbox 68 1493 1718 1551">
     <span class='ocr_line' id='line_1_27' title="bbox 68 1493 1718 1551; baseline 0.003 -15"><span class='ocrx_word' id='word_1_185' title='bbox 68 1496 284 1550; x_wconf 90' lang='lat' dir='ltr'><strong>prompsit</strong></span> <span class='ocrx_word' id='word_1_186' title='bbox 324 1493 484 1537; x_wconf 89' lang='lat' dir='ltr'><strong>Caesar</strong></span> <span class='ocrx_word' id='word_1_187' title='bbox 532 1495 816 1551; x_wconf 86' lang='lat' dir='ltr'><strong>recitavitque</strong></span> <span class='ocrx_word' id='word_1_188' title='bbox 860 1494 1077 1537; x_wconf 84' lang='lat' dir='ltr'><strong>decretum</strong></span> <span class='ocrx_word' id='word_1_189' title='bbox 1124 1495 1394 1551; x_wconf 89' lang='lat' dir='ltr'><strong>pontificum,</strong></span> <span class='ocrx_word' id='word_1_190' title='bbox 1436 1497 1636 1551; x_wconf 86' lang='lat' dir='ltr'><strong>quotiens</strong></span> <span class='ocrx_word' id='word_1_191' title='bbox 1665 1509 1718 1541; x_wconf 74' lang='lat' dir='ltr'><strong>m</strong></span> 
     </span>
    </p>
   </div>
   <div class='ocr_carea' id='block_1_17' title="bbox 67 1553 1640 1728">
    <p class='ocr_par' dir='ltr' id='par_1_17' title="bbox 67 1553 1640 1728">
     <span class='ocr_line' id='line_1_28' title="bbox 69 1553 1638 1611; baseline 0.002 -16"><span class='ocrx_word' id='word_1_192' title='bbox 69 1554 270 1596; x_wconf 87' lang='lat' dir='ltr'><strong>valetudo</strong></span> <span class='ocrx_word' id='word_1_193' title='bbox 309 1554 489 1597; x_wconf 87' lang='lat' dir='ltr'><strong>adversa</strong></span> <span class='ocrx_word' id='word_1_194' title='bbox 525 1554 745 1596; x_wconf 89' lang='lat' dir='ltr'><strong>flaminem</strong></span> <span class='ocrx_word' id='word_1_195' title='bbox 777 1553 947 1596; x_wconf 91' lang='lat' dir='ltr'><strong>Dialem</strong></span> <span class='ocrx_word' id='word_1_196' title='bbox 983 1568 1068 1596; x_wconf 84' lang='lat' dir='ltr'><strong>non</strong></span> <span class='ocrx_word' id='word_1_197' title='bbox 1104 1555 1370 1606; x_wconf 86' lang='lat' dir='ltr'><strong>incessisset,</strong></span> <span class='ocrx_word' id='word_1_198' title='bbox 1407 1559 1458 1597; x_wconf 91' lang='lat' dir='ltr'><strong>ut</strong></span> <span class='ocrx_word' id='word_1_199' title='bbox 1494 1556 1638 1611; x_wconf 90' lang='lat' dir='ltr'><strong>ponti-</strong></span> 
     </span>
     <span class='ocr_line' id='line_1_29' title="bbox 67 1612 1638 1669; baseline 0.002 -15"><span class='ocrx_word' id='word_1_200' title='bbox 67 1612 160 1655; x_wconf 86' lang='lat' dir='ltr'><strong>ficis</strong></span> <span class='ocrx_word' id='word_1_201' title='bbox 204 1613 381 1656; x_wconf 86' lang='lat' dir='ltr'><strong>maximi</strong></span> <span class='ocrx_word' id='word_1_202' title='bbox 422 1613 602 1655; x_wconf 85' lang='lat' dir='ltr'><strong>arbitrio</strong></span> <span class='ocrx_word' id='word_1_203' title='bbox 643 1614 740 1668; x_wconf 89' lang='lat' dir='ltr'><strong>plus</strong></span> <span class='ocrx_word' id='word_1_204' title='bbox 772 1628 901 1669; x_wconf 87' lang='lat' dir='ltr'><strong>quam</strong></span> <span class='ocrx_word' id='word_1_205' title='bbox 941 1613 1180 1655; x_wconf 90' lang='lat' dir='ltr'><strong>binoctium</strong></span> <span class='ocrx_word' id='word_1_206' title='bbox 1218 1614 1407 1669; x_wconf 86' lang='lat' dir='ltr'><strong>abesset,</strong></span> <span class='ocrx_word' id='word_1_207' title='bbox 1449 1614 1551 1657; x_wconf 92' lang='lat' dir='ltr'><strong>dum</strong></span> <span class='ocrx_word' id='word_1_208' title='bbox 1582 1629 1638 1657; x_wconf 87' lang='lat' dir='ltr'><strong>ne</strong></span> 
     </span>
     <span class='ocr_line' id='line_1_30' title="bbox 69 1671 1640 1728; baseline 0.002 -15"><span class='ocrx_word' id='word_1_209' title='bbox 69 1671 221 1715; x_wconf 88' lang='lat' dir='ltr'><strong>diebus</strong></span> <span class='ocrx_word' id='word_1_210' title='bbox 252 1672 417 1728; x_wconf 91' lang='lat' dir='ltr'><strong>publici</strong></span> <span class='ocrx_word' id='word_1_211' title='bbox 449 1672 646 1715; x_wconf 90' lang='lat' dir='ltr'><strong>sacrificii</strong></span> <span class='ocrx_word' id='word_1_212' title='bbox 683 1686 768 1715; x_wconf 89' lang='lat' dir='ltr'><strong>neu</strong></span> <span class='ocrx_word' id='word_1_213' title='bbox 805 1673 977 1728; x_wconf 89' lang='lat' dir='ltr'><strong>saepius</strong></span> <span class='ocrx_word' id='word_1_214' title='bbox 1009 1686 1139 1727; x_wconf 87' lang='lat' dir='ltr'><strong>quam</strong></span> <span class='ocrx_word' id='word_1_215' title='bbox 1169 1672 1237 1714; x_wconf 91' lang='lat' dir='ltr'><strong>bis</strong></span> <span class='ocrx_word' id='word_1_216' title='bbox 1270 1673 1452 1716; x_wconf 85' lang='lat' dir='ltr'><strong>eundem</strong></span> <span class='ocrx_word' id='word_1_217' title='bbox 1483 1674 1530 1716; x_wconf 89' lang='lat' dir='ltr'><strong>in</strong></span> <span class='ocrx_word' id='word_1_218' title='bbox 1562 1689 1640 1716; x_wconf 89' lang='lat' dir='ltr'><strong>an-</strong></span> 
     </span>
    </p>
   </div>
   <div class='ocr_carea' id='block_1_18' title="bbox 70 1822 832 1999">
    <p class='ocr_par' dir='ltr' id='par_1_18' title="bbox 70 1822 832 1999">
     <span class='ocr_line' id='line_1_31' title="bbox 115 1822 832 1869; baseline 0.001 -11"><span class='ocrx_word' id='word_1_219' title='bbox 115 1826 173 1858; x_wconf 89' lang='grc'><strong>22.</strong></span> <span class='ocrx_word' id='word_1_220' title='bbox 227 1823 460 1869; x_wconf 79' lang='lat' dir='ltr'><strong>Torquatum.</strong></span> <span class='ocrx_word' id='word_1_221' title='bbox 518 1822 593 1858; x_wconf 88' lang='lat' dir='ltr'><strong>Der</strong></span> <span class='ocrx_word' id='word_1_222' title='bbox 617 1822 832 1859; x_wconf 81' lang='lat' dir='ltr'><strong>Familien-</strong></span> 
     </span>
     <span class='ocr_line' id='line_1_32' title="bbox 72 1870 818 1916; baseline 0.001 -12"><span class='ocrx_word' id='word_1_223' title='bbox 72 1880 182 1905; x_wconf 85' lang='lat' dir='ltr'><strong>name</strong></span> <span class='ocrx_word' id='word_1_224' title='bbox 213 1870 330 1916; x_wconf 84' lang='lat' dir='ltr'><strong>zeigt,</strong></span> <span class='ocrx_word' id='word_1_225' title='bbox 362 1870 444 1905; x_wconf 79' lang='lat' dir='ltr'><strong>dass</strong></span> <span class='ocrx_word' id='word_1_226' title='bbox 475 1870 528 1906; x_wconf 85' lang='lat' dir='ltr'><strong>sie</strong></span> <span class='ocrx_word' id='word_1_227' title='bbox 558 1881 632 1906; x_wconf 83' lang='lat' dir='ltr'><strong>von</strong></span> <span class='ocrx_word' id='word_1_228' title='bbox 661 1872 818 1906; x_wconf 81' lang='lat' dir='ltr'><strong>mfitter-</strong></span> 
     </span>
     <span class='ocr_line' id='line_1_33' title="bbox 72 1899 819 1962; baseline 0.003 -11"><span class='ocrx_word' id='word_1_229' title='bbox 72 1915 191 1951; x_wconf 86' lang='lat' dir='ltr'><strong>licher</strong></span> <span class='ocrx_word' id='word_1_230' title='bbox 223 1899 330 1952; x_wconf 83' lang='lat' dir='ltr'><strong>Seite</strong></span> <span class='ocrx_word' id='word_1_231' title='bbox 356 1928 423 1953; x_wconf 88' lang='lat' dir='ltr'><strong>aus</strong></span> <span class='ocrx_word' id='word_1_232' title='bbox 455 1916 522 1953; x_wconf 86' lang='lat' dir='ltr'><strong>der</strong></span> <span class='ocrx_word' id='word_1_233' title='bbox 551 1928 637 1962; x_wconf 69' lang='lat' dir='ltr'><strong>qens</strong></span> <span class='ocrx_word' id='word_1_234' title='bbox 668 1917 819 1953; x_wconf 84' lang='lat' dir='ltr'><strong>Manlia</strong></span> 
     </span>
     <span class='ocr_line' id='line_1_34' title="bbox 70 1964 258 1999; baseline 0 -1"><span class='ocrx_word' id='word_1_235' title='bbox 70 1964 258 1999; x_wconf 80' lang='lat' dir='ltr'><strong>stammte.</strong></span> 
     </span>
    </p>
   </div>
   <div class='ocr_carea' id='block_1_19' title="bbox 66 2021 820 2351">
    <p class='ocr_par' dir='ltr' id='par_1_19' title="bbox 66 2021 820 2351">
     <span class='ocr_line' id='line_1_35' title="bbox 121 2021 819 2070; baseline 0 -13"><span class='ocrx_word' id='word_1_236' title='bbox 121 2022 183 2058; x_wconf 83' lang='lat'><strong>70.</strong></span> <span class='ocrx_word' id='word_1_237' title='bbox 218 2026 250 2059; x_wconf 90' lang='lat'><strong>1.</strong></span> <span class='ocrx_word' id='word_1_238' title='bbox 284 2023 510 2070; x_wconf 74' lang='lat' dir='ltr'><strong>Cyrenenses.</strong></span> <span class='ocrx_word' id='word_1_239' title='bbox 549 2021 689 2068; x_wconf 86' lang='lat' dir='ltr'><strong>Cyrene</strong></span> <span class='ocrx_word' id='word_1_240' title='bbox 709 2022 819 2057; x_wconf 83' lang='lat' dir='ltr'><strong>stand</strong></span> 
     </span>
     <span class='ocr_line' id='line_1_36' title="bbox 70 2069 820 2115; baseline 0.001 -11"><span class='ocrx_word' id='word_1_241' title='bbox 70 2069 141 2105; x_wconf 88' lang='lat' dir='ltr'><strong>mit</strong></span> <span class='ocrx_word' id='word_1_242' title='bbox 167 2069 278 2105; x_wconf 86' lang='lat' dir='ltr'><strong>Creta</strong></span> <span class='ocrx_word' id='word_1_243' title='bbox 305 2072 377 2115; x_wconf 90' lang='lat' dir='ltr'><strong>(cp.</strong></span> <span class='ocrx_word' id='word_1_244' title='bbox 399 2074 444 2105; x_wconf 89' lang='lat'><strong>38</strong></span> <span class='ocrx_word' id='word_1_245' title='bbox 473 2070 640 2106; x_wconf 86' lang='lat' dir='ltr'><strong>Caesium</strong></span> <span class='ocrx_word' id='word_1_246' title='bbox 662 2069 820 2105; x_wconf 78' lang='lat' dir='ltr'><strong>Cordum</strong></span> 
     </span>
     <span class='ocr_line' id='line_1_37' title="bbox 66 2116 820 2162; baseline 0 -10"><span class='ocrx_word' id='word_1_247' title='bbox 66 2127 138 2161; x_wconf 81' lang='lat' dir='ltr'><strong>pro</strong></span> <span class='ocrx_word' id='word_1_248' title='bbox 158 2117 302 2153; x_wconf 84' lang='lat' dir='ltr'><strong>consule</strong></span> <span class='ocrx_word' id='word_1_249' title='bbox 313 2117 453 2162; x_wconf 79' lang='lat' dir='ltr'><strong>Cretae)</strong></span> <span class='ocrx_word' id='word_1_250' title='bbox 473 2118 582 2152; x_wconf 89' lang='lat' dir='ltr'><strong>unter</strong></span> <span class='ocrx_word' id='word_1_251' title='bbox 605 2116 820 2153; x_wconf 85' lang='lat' dir='ltr'><strong>demselben</strong></span> 
     </span>
     <span class='ocr_line' id='line_1_38' title="bbox 67 2163 819 2217; baseline 0.001 -19"><span class='ocrx_word' id='word_1_252' title='bbox 67 2163 286 2217; x_wconf 70' lang='lat' dir='ltr'><strong>Prokonsul.</strong></span> <span class='ocrx_word' id='word_1_253' title='bbox 323 2163 398 2200; x_wconf 91' lang='lat' dir='ltr'><strong>Der</strong></span> <span class='ocrx_word' id='word_1_254' title='bbox 414 2163 562 2200; x_wconf 80' lang='lat' dir='ltr'><strong>Prozel&#39;s</strong></span> <span class='ocrx_word' id='word_1_255' title='bbox 582 2164 685 2200; x_wconf 84' lang='lat' dir='ltr'><strong>ward</strong></span> <span class='ocrx_word' id='word_1_256' title='bbox 704 2164 819 2200; x_wconf 86' lang='lat' dir='ltr'><strong>sehon</strong></span> 
     </span>
     <span class='ocr_line' id='line_1_39' title="bbox 68 2210 818 2294; baseline 0 -48"><span class='ocrx_word' id='word_1_257' title='bbox 68 2210 121 2246; x_wconf 89' lang='lat' dir='ltr'><strong>im</strong></span> <span class='ocrx_word' id='word_1_258' title='bbox 133 2210 311 2294; x_wconf 53' lang='lat' dir='ltr'><strong>iretifigeili1</strong></span> <span class='ocrx_word' id='word_1_259' title='bbox 330 2211 446 2294; x_wconf 50' lang='lat' dir='ltr'><strong>{ehrg</strong></span> <span class='ocrx_word' id='word_1_260' title='bbox 479 2210 710 2293; x_wconf 47' lang='lat' dir='ltr'><strong>effffeleiteit.</strong></span> <span class='ocrx_word' id='word_1_261' title='bbox 746 2210 818 2292; x_wconf 58' lang='lat' dir='ltr'>1}ss-</span> 
     </span>
     <span class='ocr_line' id='line_1_40' title="bbox 71 2258 816 2351; baseline 0 -10"><span class='ocrx_word' id='word_1_262' title='bbox 71 2258 289 2341; x_wconf 49' lang='lat' dir='ltr'><strong>ssgssffniffel</strong></span> <span class='ocrx_word' id='word_1_263' title='bbox 313 2269 641 2351; x_wconf 51' lang='lat' dir='ltr'><strong>3er‘beigresch2ffir</strong></span> <span class='ocrx_word' id='word_1_264' title='bbox 692 2269 727 2294; x_wconf 67' lang='lat' dir='ltr'><strong>le</strong></span> <span class='ocrx_word' id='word_1_265' title='bbox 780 2269 816 2294; x_wconf 70' lang='lat' dir='ltr'>e</span> 
     </span>
    </p>
   </div>
   <div class='ocr_carea' id='block_1_20' title="bbox 69 2356 818 2589">
    <p class='ocr_par' dir='ltr' id='par_1_20' title="bbox 69 2356 817 2589">
     <span class='ocr_line' id='line_1_41' title="bbox 116 2356 817 2410; baseline -0.001 -10"><span class='ocrx_word' id='word_1_266' title='bbox 116 2367 149 2400; x_wconf 96' lang='lat'><strong>5.</strong></span> <span class='ocrx_word' id='word_1_267' title='bbox 210 2356 310 2401; x_wconf 70' lang='lat' dir='ltr'><strong>Uber</strong></span> <span class='ocrx_word' id='word_1_268' title='bbox 339 2365 470 2401; x_wconf 79' lang='lat' dir='ltr'><strong>Ateius</strong></span> <span class='ocrx_word' id='word_1_269' title='bbox 502 2365 633 2410; x_wconf 79' lang='lat' dir='ltr'><strong>Capito</strong></span> <span class='ocrx_word' id='word_1_270' title='bbox 657 2364 733 2410; x_wconf 85' lang='lat' dir='ltr'><strong>vgl.</strong></span> <span class='ocrx_word' id='word_1_271' title='bbox 760 2375 817 2410; x_wconf 87' lang='lat' dir='ltr'><strong>cp.</strong></span> 
     </span>
     <span class='ocr_line' id='line_1_42' title="bbox 72 2411 818 2459; baseline 0.001 -13"><span class='ocrx_word' id='word_1_272' title='bbox 72 2414 131 2447; x_wconf 78' lang='lat'><strong>75:</strong></span> <span class='ocrx_word' id='word_1_273' title='bbox 167 2411 357 2458; x_wconf 76' lang='lat' dir='ltr'><strong>Capitonis</strong></span> <span class='ocrx_word' id='word_1_274' title='bbox 388 2412 595 2459; x_wconf 71' lang='lat' dir='ltr'><strong>obsequium</strong></span> <span class='ocrx_word' id='word_1_275' title='bbox 626 2412 818 2448; x_wconf 81' lang='lat' dir='ltr'><strong>dominan-</strong></span> 
     </span>
     <span class='ocr_line' id='line_1_43' title="bbox 69 2457 817 2505; baseline -0.003 -11"><span class='ocrx_word' id='word_1_276' title='bbox 69 2459 168 2495; x_wconf 86' lang='lat' dir='ltr'><strong>tibus</strong></span> <span class='ocrx_word' id='word_1_277' title='bbox 179 2461 297 2505; x_wconf 73' lang='lat' dir='ltr'><strong>mayis</strong></span> <span class='ocrx_word' id='word_1_278' title='bbox 317 2460 560 2504; x_wconf 77' lang='lat' dir='ltr'><strong>probabatur.</strong></span> <span class='ocrx_word' id='word_1_279' title='bbox 607 2458 693 2494; x_wconf 86' lang='lat' dir='ltr'><strong>Sein</strong></span> <span class='ocrx_word' id='word_1_280' title='bbox 718 2457 817 2493; x_wconf 84' lang='lat' dir='ltr'><strong>Frei-</strong></span> 
     </span>
     <span class='ocr_line' id='line_1_44' title="bbox 69 2506 817 2550; baseline 0.001 -10"><span class='ocrx_word' id='word_1_281' title='bbox 69 2507 151 2541; x_wconf 88' lang='lat' dir='ltr'><strong>mut</strong></span> <span class='ocrx_word' id='word_1_282' title='bbox 181 2506 230 2542; x_wconf 88' lang='lat' dir='ltr'><strong>ist</strong></span> <span class='ocrx_word' id='word_1_283' title='bbox 260 2507 338 2542; x_wconf 86' lang='lat' dir='ltr'><strong>also</strong></span> <span class='ocrx_word' id='word_1_284' title='bbox 369 2506 452 2542; x_wconf 90' lang='lat' dir='ltr'><strong>hier</strong></span> <span class='ocrx_word' id='word_1_285' title='bbox 483 2506 715 2550; x_wconf 87' lang='lat' dir='ltr'><strong>erheuchelt,</strong></span> <span class='ocrx_word' id='word_1_286' title='bbox 741 2506 817 2541; x_wconf 89' lang='lat' dir='ltr'><strong>und</strong></span> 
     </span>
     <span class='ocr_line' id='line_1_45' title="bbox 71 2551 618 2589; baseline 0.004 -2"><span class='ocrx_word' id='word_1_287' title='bbox 71 2551 242 2588; x_wconf 86' lang='lat' dir='ltr'><strong>Tiberius</strong></span> <span class='ocrx_word' id='word_1_288' title='bbox 268 2554 519 2589; x_wconf 84' lang='lat' dir='ltr'><strong>durchschaut</strong></span> <span class='ocrx_word' id='word_1_289' title='bbox 541 2553 618 2589; x_wconf 90' lang='lat' dir='ltr'><strong>ihn.</strong></span> 
     </span>
    </p>
   </div>
   <div class='ocr_carea' id='block_1_21' title="bbox 70 2612 818 2846">
    <p class='ocr_par' dir='ltr' id='par_1_21' title="bbox 70 2612 818 2846">
     <span class='ocr_line' id='line_1_46' title="bbox 78 2612 816 2664; baseline 0.001 -17"><span class='ocrx_word' id='word_1_290' title='bbox 78 2638 81 2641; x_wconf 25' lang='grc' dir='ltr'><em>ν</em></span> <span class='ocrx_word' id='word_1_291' title='bbox 117 2614 150 2647; x_wconf 90' lang='lat'><strong>8.</strong></span> <span class='ocrx_word' id='word_1_292' title='bbox 207 2613 341 2664; x_wconf 72' lang='lat' dir='ltr'><strong>laryiri</strong></span> <span class='ocrx_word' id='word_1_293' title='bbox 376 2613 474 2649; x_wconf 89' lang='lat' dir='ltr'><strong>ohne</strong></span> <span class='ocrx_word' id='word_1_294' title='bbox 503 2613 660 2658; x_wconf 86' lang='lat' dir='ltr'><strong>Dativ,</strong></span> <span class='ocrx_word' id='word_1_295' title='bbox 664 2612 816 2657; x_wconf 86' lang='lat' dir='ltr'><strong>,d-urch</strong></span> 
     </span>
     <span class='ocr_line' id='line_1_47' title="bbox 70 2655 817 2705; baseline 0.001 -12"><span class='ocrx_word' id='word_1_296' title='bbox 70 2659 193 2704; x_wconf 84' lang='lat' dir='ltr'><strong>gehen</strong></span> <span class='ocrx_word' id='word_1_297' title='bbox 211 2655 345 2703; x_wconf 88' lang='lat' dir='ltr'><strong>lassen,</strong></span> <span class='ocrx_word' id='word_1_298' title='bbox 370 2659 583 2705; x_wconf 87' lang='lat' dir='ltr'><strong>ungestraft</strong></span> <span class='ocrx_word' id='word_1_299' title='bbox 601 2660 749 2695; x_wconf 87' lang='lat' dir='ltr'><strong>lassen“</strong></span> <span class='ocrx_word' id='word_1_300' title='bbox 767 2659 817 2695; x_wconf 89' lang='lat' dir='ltr'><strong>ist</strong></span> 
     </span>
     <span class='ocr_line' id='line_1_48' title="bbox 71 2706 815 2753; baseline 0.003 -13"><span class='ocrx_word' id='word_1_301' title='bbox 71 2706 174 2741; x_wconf 77' lang='lat' dir='ltr'><strong>sonet</strong></span> <span class='ocrx_word' id='word_1_302' title='bbox 192 2706 523 2751; x_wconf 79' lang='lat' dir='ltr'><strong>ungebr‘auchlich.</strong></span> <span class='ocrx_word' id='word_1_303' title='bbox 566 2707 627 2753; x_wconf 87' lang='lat' dir='ltr'><strong>Vg</strong></span> <span class='ocrx_word' id='word_1_304' title='bbox 628 2707 651 2742; x_wconf 91' lang='grc'><strong>1.</strong></span> <span class='ocrx_word' id='word_1_305' title='bbox 673 2707 738 2742; x_wconf 87' lang='lat' dir='ltr'><strong>Sil.</strong></span> <span class='ocrx_word' id='word_1_306' title='bbox 760 2709 815 2751; x_wconf 91' lang='lat'><strong>15,</strong></span> 
     </span>
     <span class='ocr_line' id='line_1_49' title="bbox 72 2754 818 2801; baseline 0.003 -14"><span class='ocrx_word' id='word_1_307' title='bbox 72 2755 140 2788; x_wconf 80' lang='grc'><strong>727</strong></span> <span class='ocrx_word' id='word_1_308' title='bbox 172 2756 266 2789; x_wconf 85' lang='lat' dir='ltr'><strong>totas</strong></span> <span class='ocrx_word' id='word_1_309' title='bbox 303 2754 460 2801; x_wconf 75' lang='lat' dir='ltr'><strong>laryitus</strong></span> <span class='ocrx_word' id='word_1_310' title='bbox 489 2755 650 2791; x_wconf 78' lang='lat' dir='ltr'><strong>habenas·</strong></span> <span class='ocrx_word' id='word_1_311' title='bbox 683 2754 818 2790; x_wconf 72' lang='lat' dir='ltr'><strong>Isivius</strong></span> 
     </span>
     <span class='ocr_line' id='line_1_50' title="bbox 71 2810 277 2846; baseline 0.01 -12"><span class='ocrx_word' id='word_1_312' title='bbox 71 2810 155 2835; x_wconf 77' lang='lat' dir='ltr'><strong>acer</strong></span> <span class='ocrx_word' id='word_1_313' title='bbox 179 2811 277 2846; x_wconf 78' lang='lat' dir='ltr'><strong>equo.</strong></span> 
     </span>
    </p>
   </div>
   <div class='ocr_carea' id='block_1_22' title="bbox 122 2859 816 2952">
    <p class='ocr_par' dir='ltr' id='par_1_22' title="bbox 122 2859 816 2952">
     <span class='ocr_line' id='line_1_51' title="bbox 122 2859 816 2906; baseline 0.003 -13"><span class='ocrx_word' id='word_1_314' title='bbox 122 2861 176 2894; x_wconf 91' lang='lat'><strong>10.</strong></span> <span class='ocrx_word' id='word_1_315' title='bbox 201 2860 425 2906; x_wconf 74' lang='lat' dir='ltr'><strong>insiynitior,</strong></span> <span class='ocrx_word' id='word_1_316' title='bbox 445 2860 505 2896; x_wconf 89' lang='lat' dir='ltr'><strong>ein</strong></span> <span class='ocrx_word' id='word_1_317' title='bbox 525 2861 686 2896; x_wconf 84' lang='lat' dir='ltr'><strong>seltener</strong></span> <span class='ocrx_word' id='word_1_318' title='bbox 704 2859 816 2895; x_wconf 88' lang='lat' dir='ltr'><strong>Kom-</strong></span> 
     </span>
     <span class='ocr_line' id='line_1_52' title="bbox 143 2923 390 2952; baseline 0.012 -3"><span class='ocrx_word' id='word_1_319' title='bbox 143 2923 211 2950; x_wconf 79' lang='lat' dir='ltr'><strong>Tac.</strong></span> <span class='ocrx_word' id='word_1_320' title='bbox 231 2924 341 2952; x_wconf 80' lang='lat' dir='ltr'><strong>Annal.</strong></span> <span class='ocrx_word' id='word_1_321' title='bbox 365 2926 390 2952; x_wconf 84' lang='lat'><strong>1.</strong></span> 
     </span>
    </p>
   </div>
   <div class='ocr_carea' id='block_1_23' title="bbox 888 1823 1643 2896">
    <p class='ocr_par' dir='ltr' id='par_1_23' title="bbox 889 1823 1640 1916">
     <span class='ocr_line' id='line_1_53' title="bbox 889 1823 1640 1868; baseline 0.003 -10"><span class='ocrx_word' id='word_1_322' title='bbox 889 1823 1056 1868; x_wconf 86' lang='lat' dir='ltr'><strong>parativ,</strong></span> <span class='ocrx_word' id='word_1_323' title='bbox 1082 1824 1176 1859; x_wconf 88' lang='lat' dir='ltr'><strong>auch</strong></span> <span class='ocrx_word' id='word_1_324' title='bbox 1202 1828 1243 1868; x_wconf 99' lang='lat'><strong>4,</strong></span> <span class='ocrx_word' id='word_1_325' title='bbox 1269 1827 1313 1859; x_wconf 89' lang='lat'><strong>51</strong></span> <span class='ocrx_word' id='word_1_326' title='bbox 1347 1824 1424 1859; x_wconf 91' lang='lat' dir='ltr'><strong>und</strong></span> <span class='ocrx_word' id='word_1_327' title='bbox 1456 1824 1553 1860; x_wconf 68' lang='lat' dir='ltr'><strong>&amp;fter</strong></span> <span class='ocrx_word' id='word_1_328' title='bbox 1576 1824 1640 1860; x_wconf 91' lang='lat' dir='ltr'><strong>bei</strong></span> 
     </span>
     <span class='ocr_line' id='line_1_54' title="bbox 890 1870 1639 1916; baseline 0.003 -11"><span class='ocrx_word' id='word_1_329' title='bbox 890 1870 1031 1906; x_wconf 90' lang='lat' dir='ltr'><strong>Livius.</strong></span> <span class='ocrx_word' id='word_1_330' title='bbox 1067 1870 1150 1916; x_wconf 88' lang='lat' dir='ltr'><strong>Vgl.</strong></span> <span class='ocrx_word' id='word_1_331' title='bbox 1177 1870 1263 1906; x_wconf 86' lang='lat' dir='ltr'><strong>hist.</strong></span> <span class='ocrx_word' id='word_1_332' title='bbox 1292 1874 1332 1913; x_wconf 86' lang='lat'><strong>4,</strong></span> <span class='ocrx_word' id='word_1_333' title='bbox 1359 1874 1403 1906; x_wconf 83' lang='lat'><strong>58</strong></span> <span class='ocrx_word' id='word_1_334' title='bbox 1435 1872 1639 1908; x_wconf 80' lang='lat' dir='ltr'><strong>sollicitior.</strong></span> 
     </span>
    </p>

    <p class='ocr_par' dir='ltr' id='par_1_24' title="bbox 890 1917 1641 2238">
     <span class='ocr_line' id='line_1_55' title="bbox 940 1917 1639 1964; baseline 0.004 -13"><span class='ocrx_word' id='word_1_335' title='bbox 940 1921 997 1952; x_wconf 88' lang='lat'><strong>11.</strong></span> <span class='ocrx_word' id='word_1_336' title='bbox 1046 1919 1226 1963; x_wconf 69' lang='lat' dir='ltr'><strong>eyreyium</strong></span> <span class='ocrx_word' id='word_1_337' title='bbox 1246 1918 1302 1953; x_wconf 86' lang='lat' dir='ltr'><strong>als</strong></span> <span class='ocrx_word' id='word_1_338' title='bbox 1323 1917 1554 1964; x_wconf 86' lang='lat' dir='ltr'><strong>Substantiv,</strong></span> <span class='ocrx_word' id='word_1_339' title='bbox 1567 1919 1639 1954; x_wconf 86' lang='lat' dir='ltr'><strong>wie</strong></span> 
     </span>
     <span class='ocr_line' id='line_1_56' title="bbox 892 1965 1640 2010; baseline 0.003 -11"><span class='ocrx_word' id='word_1_340' title='bbox 892 1968 926 2008; x_wconf 85' lang='grc'><strong>6,</strong></span> <span class='ocrx_word' id='word_1_341' title='bbox 950 1967 997 1999; x_wconf 84' lang='grc'><strong>24</strong></span> <span class='ocrx_word' id='word_1_342' title='bbox 1022 1965 1155 2000; x_wconf 88' lang='lat' dir='ltr'><strong>bonum</strong></span> <span class='ocrx_word' id='word_1_343' title='bbox 1173 1965 1367 2010; x_wconf 78' lang='lat' dir='ltr'><strong>publicum</strong></span> <span class='ocrx_word' id='word_1_344' title='bbox 1393 1968 1448 2009; x_wconf 88' lang='lat'><strong>14,</strong></span> <span class='ocrx_word' id='word_1_345' title='bbox 1475 1968 1532 2001; x_wconf 88' lang='lat'><strong>38.</strong></span> <span class='ocrx_word' id='word_1_346' title='bbox 1558 1965 1640 2002; x_wconf 84' lang='lat' dir='ltr'><strong>Liv.</strong></span> 
     </span>
     <span class='ocr_line' id='line_1_57' title="bbox 892 1993 1641 2057; baseline 0.003 -11"><span class='ocrx_word' id='word_1_347' title='bbox 892 2014 970 2055; x_wconf 83' lang='lat'><strong>2,1</strong></span> <span class='ocrx_word' id='word_1_348' title='bbox 994 2012 1152 2056; x_wconf 75' lang='lat' dir='ltr'><strong>pessimo</strong></span> <span class='ocrx_word' id='word_1_349' title='bbox 1176 2012 1336 2057; x_wconf 80' lang='lat' dir='ltr'><strong>publico.</strong></span> <span class='ocrx_word' id='word_1_350' title='bbox 1357 2032 1402 2037; x_wconf 96' lang='lat'>—</span> <span class='ocrx_word' id='word_1_351' title='bbox 1428 1993 1527 2048; x_wconf 68' lang='lat' dir='ltr'><strong>domi</strong></span> <span class='ocrx_word' id='word_1_352' title='bbox 1545 2013 1641 2049; x_wconf 84' lang='lat' dir='ltr'><strong>statt</strong></span> 
     </span>
     <span class='ocr_line' id='line_1_58' title="bbox 891 2058 1639 2106; baseline 0.003 -13"><span class='ocrx_word' id='word_1_353' title='bbox 891 2058 1105 2094; x_wconf 85' lang='lat' dir='ltr'><strong>domesticus</strong></span> <span class='ocrx_word' id='word_1_354' title='bbox 1130 2058 1392 2104; x_wconf 75' lang='lat' dir='ltr'><strong>„per86n1i0h“</strong></span> <span class='ocrx_word' id='word_1_355' title='bbox 1418 2059 1489 2094; x_wconf 89' lang='lat' dir='ltr'><strong>wie</strong></span> <span class='ocrx_word' id='word_1_356' title='bbox 1516 2063 1573 2106; x_wconf 87' lang='lat'><strong>13,</strong></span> <span class='ocrx_word' id='word_1_357' title='bbox 1591 2063 1639 2095; x_wconf 81' lang='grc'><strong>42</strong></span> 
     </span>
     <span class='ocr_line' id='line_1_59' title="bbox 891 2105 1642 2151; baseline 0.004 -11"><span class='ocrx_word' id='word_1_358' title='bbox 891 2105 990 2141; x_wconf 86' lang='lat' dir='ltr'><strong>domi</strong></span> <span class='ocrx_word' id='word_1_359' title='bbox 1006 2109 1160 2150; x_wconf 77' lang='lat' dir='ltr'><strong>partam</strong></span> <span class='ocrx_word' id='word_1_360' title='bbox 1183 2106 1442 2151; x_wconf 72' lang='lat' dir='ltr'><strong>eliquationem.</strong></span> <span class='ocrx_word' id='word_1_361' title='bbox 1463 2127 1509 2133; x_wconf 94' lang='lat'><strong>—</strong></span> <span class='ocrx_word' id='word_1_362' title='bbox 1534 2108 1642 2143; x_wconf 78' lang='lat' dir='ltr'><strong>deho-</strong></span> 
     </span>
     <span class='ocr_line' id='line_1_60' title="bbox 890 2152 1640 2207; baseline 0.003 -19"><span class='ocrx_word' id='word_1_363' title='bbox 890 2156 1045 2196; x_wconf 81' lang='lat' dir='ltr'><strong>nestare,</strong></span> <span class='ocrx_word' id='word_1_364' title='bbox 1059 2152 1640 2207; x_wconf 69' lang='lat' dir='ltr'><strong>eretseitLiviusvorkommend,</strong></span> 
     </span>
     <span class='ocr_line' id='line_1_61' title="bbox 890 2199 1591 2238; baseline 0.006 -4"><span class='ocrx_word' id='word_1_365' title='bbox 890 2199 952 2235; x_wconf 87' lang='lat' dir='ltr'><strong>bei</strong></span> <span class='ocrx_word' id='word_1_366' title='bbox 976 2199 1130 2236; x_wconf 81' lang='lat' dir='ltr'><strong>Tacitus</strong></span> <span class='ocrx_word' id='word_1_367' title='bbox 1154 2212 1224 2235; x_wconf 90' lang='lat' dir='ltr'><strong>nur</strong></span> <span class='ocrx_word' id='word_1_368' title='bbox 1246 2199 1287 2235; x_wconf 91' lang='lat' dir='ltr'><strong>in</strong></span> <span class='ocrx_word' id='word_1_369' title='bbox 1312 2201 1384 2236; x_wconf 90' lang='lat' dir='ltr'><strong>den</strong></span> <span class='ocrx_word' id='word_1_370' title='bbox 1409 2201 1591 2238; x_wconf 82' lang='lat' dir='ltr'><strong>Annalen.</strong></span> 
     </span>
    </p>

    <p class='ocr_par' dir='ltr' id='par_1_25' title="bbox 891 2247 1643 2331">
     <span class='ocr_line' id='line_1_62' title="bbox 941 2247 1643 2295; baseline 0.006 -13"><span class='ocrx_word' id='word_1_371' title='bbox 941 2247 1004 2282; x_wconf 80' lang='grc'><strong>71.</strong></span> <span class='ocrx_word' id='word_1_372' title='bbox 1049 2251 1081 2284; x_wconf 92' lang='grc'><strong>2.</strong></span> <span class='ocrx_word' id='word_1_373' title='bbox 1125 2248 1325 2293; x_wconf 65' lang='lat' dir='ltr'><strong>Augustae.</strong></span> <span class='ocrx_word' id='word_1_374' title='bbox 1375 2248 1484 2284; x_wconf 79' lang='lat' dir='ltr'><strong>Nach</strong></span> <span class='ocrx_word' id='word_1_375' title='bbox 1509 2260 1566 2295; x_wconf 89' lang='lat' dir='ltr'><strong>cp.</strong></span> <span class='ocrx_word' id='word_1_376' title='bbox 1593 2253 1643 2286; x_wconf 85' lang='lat'><strong>64</strong></span> 
     </span>
     <span class='ocr_line' id='line_1_63' title="bbox 891 2293 1486 2333; baseline 0.003 -4"><span class='ocrx_word' id='word_1_377' title='bbox 891 2305 969 2330; x_wconf 85' lang='lat' dir='ltr'><strong>war</strong></span> <span class='ocrx_word' id='word_1_378' title='bbox 992 2293 1101 2330; x_wconf 82' lang='lat' dir='ltr'><strong>Livia</strong></span> <span class='ocrx_word' id='word_1_379' title='bbox 1126 2295 1270 2330; x_wconf 86' lang='lat' dir='ltr'><strong>schwer</strong></span> <span class='ocrx_word' id='word_1_380' title='bbox 1295 2295 1486 2333; x_wconf 84' lang='lat' dir='ltr'><strong>erkrankt.</strong></span> 
     </span>
    </p>

    <p class='ocr_par' dir='ltr' id='par_1_26' title="bbox 889 2342 1643 2566">
     <span class='ocr_line' id='line_1_64' title="bbox 939 2342 1643 2379; baseline 0.004 -3"><span class='ocrx_word' id='word_1_381' title='bbox 939 2345 972 2376; x_wconf 90' lang='lat'><strong>3.</strong></span> <span class='ocrx_word' id='word_1_382' title='bbox 1027 2342 1102 2377; x_wconf 89' lang='lat' dir='ltr'><strong>Der</strong></span> <span class='ocrx_word' id='word_1_383' title='bbox 1137 2342 1177 2378; x_wconf 90' lang='lat' dir='ltr'><strong>in</strong></span> <span class='ocrx_word' id='word_1_384' title='bbox 1212 2342 1297 2377; x_wconf 91' lang='lat' dir='ltr'><strong>dem</strong></span> <span class='ocrx_word' id='word_1_385' title='bbox 1340 2342 1499 2378; x_wconf 87' lang='lat' dir='ltr'><strong>zweiten</strong></span> <span class='ocrx_word' id='word_1_386' title='bbox 1532 2344 1643 2379; x_wconf 82' lang='lat' dir='ltr'><strong>Jahr</strong></span> 
     </span>
     <span class='ocr_line' id='line_1_65' title="bbox 890 2388 1641 2436; baseline 0.004 -12"><span class='ocrx_word' id='word_1_387' title='bbox 890 2388 1054 2424; x_wconf 83' lang='lat' dir='ltr'><strong>hundert</strong></span> <span class='ocrx_word' id='word_1_388' title='bbox 1071 2401 1107 2425; x_wconf 85' lang='lat' dir='ltr'><strong>v.</strong></span> <span class='ocrx_word' id='word_1_389' title='bbox 1122 2389 1207 2425; x_wconf 91' lang='lat' dir='ltr'><strong>Chr.</strong></span> <span class='ocrx_word' id='word_1_390' title='bbox 1228 2389 1460 2435; x_wconf 89' lang='lat' dir='ltr'><strong>gegrundete</strong></span> <span class='ocrx_word' id='word_1_391' title='bbox 1481 2391 1599 2436; x_wconf 87' lang='lat' dir='ltr'><strong>Temp</strong></span> <span class='ocrx_word' id='word_1_392' title='bbox 1602 2391 1641 2427; x_wconf 90' lang='lat' dir='ltr'><strong>el</strong></span> 
     </span>
     <span class='ocr_line' id='line_1_66' title="bbox 891 2435 1642 2481; baseline 0.004 -11"><span class='ocrx_word' id='word_1_393' title='bbox 891 2435 956 2471; x_wconf 86' lang='lat' dir='ltr'><strong>der</strong></span> <span class='ocrx_word' id='word_1_394' title='bbox 980 2436 1147 2472; x_wconf 73' lang='lat' dir='ltr'><strong>Fortuna</strong></span> <span class='ocrx_word' id='word_1_395' title='bbox 1178 2436 1378 2481; x_wconf 86' lang='lat' dir='ltr'><strong>equestris,</strong></span> <span class='ocrx_word' id='word_1_396' title='bbox 1411 2437 1477 2473; x_wconf 85' lang='lat' dir='ltr'><strong>der</strong></span> <span class='ocrx_word' id='word_1_397' title='bbox 1501 2438 1642 2473; x_wconf 81' lang='lat' dir='ltr'><strong>zuletzt</strong></span> 
     </span>
     <span class='ocr_line' id='line_1_67' title="bbox 890 2464 1640 2529; baseline 0.001 -11"><span class='ocrx_word' id='word_1_398' title='bbox 890 2486 934 2518; x_wconf 85' lang='grc'><strong>92</strong></span> <span class='ocrx_word' id='word_1_399' title='bbox 959 2494 994 2518; x_wconf 83' lang='lat' dir='ltr'><strong>v.</strong></span> <span class='ocrx_word' id='word_1_400' title='bbox 1021 2483 1104 2520; x_wconf 89' lang='lat' dir='ltr'><strong>Chr.</strong></span> <span class='ocrx_word' id='word_1_401' title='bbox 1132 2484 1301 2519; x_wconf 71' lang='lat' dir='ltr'><strong>erwahnt</strong></span> <span class='ocrx_word' id='word_1_402' title='bbox 1325 2464 1432 2529; x_wconf 63' lang='lat' dir='ltr'><strong>wi’rd,</strong></span> <span class='ocrx_word' id='word_1_403' title='bbox 1458 2484 1557 2519; x_wconf 81' lang='lat' dir='ltr'><strong>muss</strong></span> <span class='ocrx_word' id='word_1_404' title='bbox 1581 2484 1640 2520; x_wconf 88' lang='lat' dir='ltr'><strong>in·</strong></span> 
     </span>
     <span class='ocr_line' id='line_1_68' title="bbox 889 2529 1416 2566; baseline 0.002 -2"><span class='ocrx_word' id='word_1_405' title='bbox 889 2529 1074 2565; x_wconf 87' lang='lat' dir='ltr'><strong>zwischen</strong></span> <span class='ocrx_word' id='word_1_406' title='bbox 1098 2531 1299 2566; x_wconf 85' lang='lat' dir='ltr'><strong>verbrannt</strong></span> <span class='ocrx_word' id='word_1_407' title='bbox 1324 2530 1416 2566; x_wconf 84' lang='lat' dir='ltr'><strong>sein.</strong></span> 
     </span>
    </p>

    <p class='ocr_par' dir='ltr' id='par_1_27' title="bbox 888 2578 1643 2669">
     <span class='ocr_line' id='line_1_69' title="bbox 937 2578 1643 2622; baseline 0.004 -10"><span class='ocrx_word' id='word_1_408' title='bbox 937 2580 969 2611; x_wconf 90' lang='grc'><strong>8.</strong></span> <span class='ocrx_word' id='word_1_409' title='bbox 1014 2578 1170 2613; x_wconf 82' lang='lat' dir='ltr'><strong>dilatum</strong></span> <span class='ocrx_word' id='word_1_410' title='bbox 1193 2588 1320 2622; x_wconf 81' lang='lat' dir='ltr'><strong>nuper.</strong></span> <span class='ocrx_word' id='word_1_411' title='bbox 1366 2588 1423 2622; x_wconf 89' lang='lat' dir='ltr'><strong>cp.</strong></span> <span class='ocrx_word' id='word_1_412' title='bbox 1450 2581 1494 2613; x_wconf 87' lang='lat'><strong>59</strong></span> <span class='ocrx_word' id='word_1_413' title='bbox 1520 2578 1643 2615; x_wconf 82' lang='lat' dir='ltr'><strong>dilata</strong></span> 
     </span>
     <span class='ocr_line' id='line_1_70' title="bbox 888 2624 1405 2669; baseline 0.002 -10"><span class='ocrx_word' id='word_1_414' title='bbox 888 2624 1035 2660; x_wconf 86' lang='lat' dir='ltr'><strong>notione</strong></span> <span class='ocrx_word' id='word_1_415' title='bbox 1059 2625 1103 2659; x_wconf 87' lang='lat' dir='ltr'><strong>de</strong></span> <span class='ocrx_word' id='word_1_416' title='bbox 1126 2625 1206 2660; x_wconf 87' lang='lat' dir='ltr'><strong>iure</strong></span> <span class='ocrx_word' id='word_1_417' title='bbox 1230 2625 1405 2669; x_wconf 81' lang='lat' dir='ltr'><strong>flaminis.</strong></span> 
     </span>
    </p>

    <p class='ocr_par' dir='ltr' id='par_1_28' title="bbox 889 2670 1642 2754">
     <span class='ocr_line' id='line_1_71' title="bbox 937 2670 1642 2716; baseline 0.004 -10"><span class='ocrx_word' id='word_1_418' title='bbox 937 2674 972 2706; x_wconf 85' lang='grc'><strong>9.</strong></span> <span class='ocrx_word' id='word_1_419' title='bbox 993 2670 1142 2707; x_wconf 85' lang='lat' dir='ltr'><strong>Servius</strong></span> <span class='ocrx_word' id='word_1_420' title='bbox 1151 2671 1427 2716; x_wconf 86' lang='lat' dir='ltr'><strong>beanspruchte</strong></span> <span class='ocrx_word' id='word_1_421' title='bbox 1441 2671 1501 2708; x_wconf 83' lang='lat' dir='ltr'><strong>die</strong></span> <span class='ocrx_word' id='word_1_422' title='bbox 1519 2672 1642 2709; x_wconf 79' lang='lat' dir='ltr'><strong>Statt·</strong></span> 
     </span>
     <span class='ocr_line' id='line_1_72' title="bbox 889 2717 1363 2754; baseline 0.004 -2"><span class='ocrx_word' id='word_1_423' title='bbox 889 2717 1138 2753; x_wconf 85' lang='lat' dir='ltr'><strong>halterschaft</strong></span> <span class='ocrx_word' id='word_1_424' title='bbox 1161 2729 1236 2754; x_wconf 85' lang='lat' dir='ltr'><strong>von</strong></span> <span class='ocrx_word' id='word_1_425' title='bbox 1261 2718 1363 2754; x_wconf 82' lang='lat' dir='ltr'><strong>Asia.</strong></span> 
     </span>
    </p>

    <p class='ocr_par' dir='ltr' id='par_1_29' title="bbox 889 2765 1641 2896">
     <span class='ocr_line' id='line_1_73' title="bbox 939 2765 1638 2803; baseline 0.004 -3"><span class='ocrx_word' id='word_1_426' title='bbox 939 2768 994 2800; x_wconf 89' lang='lat'><strong>11.</strong></span> <span class='ocrx_word' id='word_1_427' title='bbox 1031 2776 1108 2801; x_wconf 86' lang='lat' dir='ltr'><strong>non</strong></span> <span class='ocrx_word' id='word_1_428' title='bbox 1135 2765 1232 2800; x_wconf 88' lang='lat' dir='ltr'><strong>fehlt</strong></span> <span class='ocrx_word' id='word_1_429' title='bbox 1250 2776 1346 2801; x_wconf 84' lang='lat' dir='ltr'><strong>zwar</strong></span> <span class='ocrx_word' id='word_1_430' title='bbox 1364 2766 1403 2801; x_wconf 87' lang='lat' dir='ltr'><strong>in</strong></span> <span class='ocrx_word' id='word_1_431' title='bbox 1422 2765 1489 2802; x_wconf 88' lang='lat' dir='ltr'><strong>der</strong></span> <span class='ocrx_word' id='word_1_432' title='bbox 1506 2767 1638 2803; x_wconf 87' lang='lat' dir='ltr'><strong>Hand-</strong></span> 
     </span>
     <span class='ocr_line' id='line_1_74' title="bbox 891 2811 1641 2856; baseline 0.007 -10"><span class='ocrx_word' id='word_1_433' title='bbox 891 2811 1042 2856; x_wconf 87' lang='lat' dir='ltr'><strong>schrift,</strong></span> <span class='ocrx_word' id='word_1_434' title='bbox 1077 2812 1216 2848; x_wconf 83' lang='lat' dir='ltr'><strong>konnte</strong></span> <span class='ocrx_word' id='word_1_435' title='bbox 1256 2812 1347 2848; x_wconf 86' lang='lat' dir='ltr'><strong>aber</strong></span> <span class='ocrx_word' id='word_1_436' title='bbox 1380 2813 1565 2850; x_wconf 83' lang='lat' dir='ltr'><strong>zwischen</strong></span> <span class='ocrx_word' id='word_1_437' title='bbox 1600 2826 1641 2851; x_wconf 84' lang='lat' dir='ltr'><strong>m</strong></span> 
     </span>
     <span class='ocr_line' id='line_1_75' title="bbox 889 2859 1391 2896; baseline 0.004 -2"><span class='ocrx_word' id='word_1_438' title='bbox 889 2859 964 2894; x_wconf 89' lang='lat' dir='ltr'><strong>und</strong></span> <span class='ocrx_word' id='word_1_439' title='bbox 989 2860 1032 2894; x_wconf 83' lang='lat' dir='ltr'><strong>in</strong></span> <span class='ocrx_word' id='word_1_440' title='bbox 1055 2859 1173 2896; x_wconf 90' lang='lat' dir='ltr'><strong>leicht</strong></span> <span class='ocrx_word' id='word_1_441' title='bbox 1198 2860 1391 2896; x_wconf 87' lang='lat' dir='ltr'><strong>ausfallen.</strong></span> 
     </span>
    </p>
   </div>
   <div class='ocr_carea' id='block_1_24' title="bbox 1311 2923 1353 2954">
    <p class='ocr_par' dir='ltr' id='par_1_30' title="bbox 1311 2923 1353 2954">
     <span class='ocr_line' id='line_1_76' title="bbox 1311 2923 1353 2954; baseline 0 0"><span class='ocrx_word' id='word_1_442' title='bbox 1311 2923 1353 2954; x_wconf 88' lang='lat'><strong>13</strong></span> 
     </span>
    </p>
   </div>
  </div>
 </body>
</html>
