1820 3100
597 113 745 150 LOEER
761 113 824 151 111.
869 113 972 152 CAP.
995 117 1146 152 ἰε-76.
1577 116 1661 159 197

102 223 328 266 cellentem
369 221 619 278 dignatione
651 222 743 264 eius
783 222 1068 278 magistratus
1107 222 1302 264 anteiret.
1369 237 1556 278 namque
1591 223 1668 266 illa

102 285 223 325 aetas
255 282 338 325 duo
370 281 489 337 pacis
521 280 675 323 decora
700 280 828 323 simul
852 281 967 336 tulit,
994 280 1069 323 sed
1095 279 1240 323 Labeo
1265 280 1514 336 incorrupta
1539 281 1669 324 liber-

100 344 205 394 tate,
236 344 279 384 et
311 341 366 384 ob
397 340 441 382 id
466 339 583 382 fama
608 340 876 395 celebratior,
908 339 1135 395 Capitonis
1162 340 1416 396 obsequium
1441 340 1667 382 dominan-

101 400 218 443 tibus
262 400 403 455 magis
445 399 724 455 probabatur.
796 399 881 454 illi,
925 399 1040 454 quod
1082 401 1331 453 praeturam
1374 399 1491 442 intra
1535 400 1668 454 stetit,
1695 414 1739 447 10

101 459 415 502 commendatio
456 473 507 501 ex
545 457 721 512 iniuria,
759 458 861 500 huic
869 491 881 513 ,
920 458 1035 513 quod
1066 458 1343 501 consulatum
1375 460 1557 514 adeptus
1589 461 1667 513 est,

101 518 247 561 odium
279 533 330 560 ex
361 517 523 560 invidia
554 517 785 559 oriebatur.

219 577 278 621 Et
318 576 443 619 Iunia
488 576 787 632 sexagensimo
825 578 980 631 quarto
1024 578 1125 631 post
1161 576 1487 632 Philippensem
1530 576 1665 619 aciem
1681 582 1736 624 76

101 651 213 680 anno
258 650 506 691 supremum
550 635 664 678 diem
707 635 913 691 explevit,
957 633 1121 678 Catone
1159 636 1371 678 avunculo
1415 635 1580 691 genita,
1618 633 1665 679 C.

99 694 239 749 Cassii
278 709 405 749 uxor,
447 694 505 737 M.
537 693 663 736 Bruti
703 709 838 737 soror.
908 696 1217 737 testamentum
1257 695 1349 737 eius
1380 694 1518 737 multo
1551 694 1665 749 apud

101 755 278 810 vulgum
308 768 482 796 rumore
512 753 607 809 fuit,
639 754 740 809 quia
771 754 817 796 in
847 754 1018 809 magnis
1051 754 1218 810 opibus,
1251 768 1347 796 cum
1378 754 1514 795 ferme
1539 767 1665 796 cunc—

100 816 171 856 tos
197 827 397 868 proceres
423 827 519 855 cum
544 813 709 855 honore
733 812 1054 868 nominavisset,
1086 811 1317 856 Caesarem
1342 813 1501 855 omisit.
1550 812 1666 869 quod
1692 829 1714 861 5

101 871 285 915 civiliter
316 874 557 928 acceptum,
590 886 728 927 neque
758 871 984 927 prohibuit
1016 886 1101 927 quo
1132 872 1275 915 minus
1307 871 1554 914 laudatione
1583 886 1663 927 pro

96 931 252 974 rostris
296 931 532 986 ceterisque
577 931 859 973 sollemnibus
896 930 1028 973 funus
1073 931 1440 974 cohonestaretur.
1507 930 1665 986 viginti

99 989 434 1033 clarissimarum
483 989 749 1032 familiarum
803 990 1016 1045 imagines
1067 990 1284 1033 antelatae
1335 993 1453 1045 sunt,
1500 988 1666 1045 Manlii,

101 1048 291 1099 Quinctii
337 1049 507 1104 aliaque
551 1049 742 1091 eiusdem
778 1049 1021 1091 nobilitatis
1058 1049 1247 1092 nomina.
1322 1050 1396 1092 sed
1425 1049 1667 1104 praefulge-

96 1108 208 1150 bant
238 1106 412 1151 Cassius
454 1110 583 1163 atque
615 1107 777 1150 Brutus
816 1122 866 1150 eo
906 1108 1002 1163 ipso
1046 1108 1160 1164 quod
1198 1108 1363 1165 effigies
1401 1122 1550 1152 eorum
1578 1122 1667 1150 non
1696 1124 1740 1157 10

99 1167 364 1210 visebantur.

96 1294 243 1339 hanger
256 1293 321 1328 des
336 1292 469 1339 Capito
487 1294 583 1329 nach
594 1294 679 1329 dem
694 1294 849 1330 Schfiler
967 1299 1001 1330 4.
1051 1286 1152 1331 Uber
1186 1295 1260 1331 den
1287 1295 1486 1331 Accusat-,iv
1516 1290 1667 1342 vulgum

98 1339 292 1376 desselben
315 1339 473 1376 Sabinus
492 1341 564 1376 den
581 1340 727 1377 Namen
742 1341 847 1377 Sabi·
921 1353 948 1376 a.
975 1354 1020 1377 zu
1047 1346 1078 1385 1,
1104 1346 1161 1378 47.

95 1387 229 1423 nianer
253 1386 418 1423 ffihrten.
968 1393 1001 1425 8.
1047 1390 1202 1425 Manlii.
1240 1389 1313 1424 Mit
1332 1389 1454 1425 dieser
1473 1388 1571 1425 Gens
1588 1401 1667 1426 war

146 1434 209 1471 76.
232 1438 268 1470 2.
296 1434 450 1479 Catone,
476 1433 643 1470 namlich
666 1434 845 1471 Uticensi.
918 1436 1034 1471 Junia
1052 1437 1256 1482 verwandt‚
1280 1436 1365 1473 weil
1389 1437 1451 1473 ein
1471 1436 1574 1472 Sohn
1598 1436 1665 1473 des

98 1480 207 1518 Seine
241 1481 449 1517 Schwester
481 1481 640 1518 Servilia
670 1493 748 1518 war
784 1483 845 1519 die
920 1484 962 1519 Τ.
987 1483 1149 1519 Manlius
1179 1484 1390 1529 Torquatus
1420 1484 1473 1519 im
1509 1483 1669 1520 zweiten

95 1527 238 1564 Mutter
262 1528 327 1564 des
352 1528 402 1564 M.
427 1529 583 1574 Brutus,
602 1529 765 1566 welcher
796 1541 846 1566 an
917 1530 1173 1567 Jahrhundert
1206 1543 1240 1568 v.
1273 1530 1357 1568 Chr.
1390 1543 1465 1568 von
1502 1531 1587 1568 dem
1621 1531 1666 1566 D.

97 1575 165 1611 der
181 1574 420 1622 Ermordung
439 1576 504 1612 des
517 1574 634 1612 casar
650 1577 846 1615 teilnahm.
919 1578 1052 1614 Junius
1071 1578 1220 1614 Silanus
1239 1577 1429 1625 adoptiert
1444 1590 1533 1614 war.
1582 1577 1668 1614 Ihre

98 1621 204 1659 Doch
248 1623 424 1658 stammte
475 1623 577 1659 diese
620 1623 733 1660 Junia
782 1636 848 1660 aus
919 1625 1248 1662 Verwandtschaft
1271 1627 1342 1662 mit
1362 1626 1428 1662 der
1446 1626 1548 1662 alten
1567 1624 1667 1662 Gens

96 1669 163 1706 der
194 1670 349 1706 zweiten
373 1671 453 1706 Ehe
491 1671 557 1706 der
587 1670 746 1707 Servilia
776 1673 848 1708 mit
921 1672 1098 1716 Quinctia
1121 1673 1173 1708 ist
1197 1673 1305 1709 nicht
1328 1673 1624 1709 nachzuweisen.

96 1715 230 1752 Junius
275 1717 435 1753 Silanus.
502 1718 577 1753 Der
621 1719 847 1755 sonderbare
969 1723 1025 1756 10.
1074 1731 1150 1756 mm
1174 1721 1397 1758 visebantur.
1445 1719 1515 1756 Die
1539 1720 1669 1756 Bilder

95 1762 295 1800 Ausdruck
332 1764 467 1801 Catone
504 1766 686 1801 avunculo
721 1767 846 1812 yenita
919 1766 986 1803 der
1010 1766 1161 1803 Morder
1186 1766 1316 1804 Casars
1342 1768 1404 1804 bei
1429 1768 1668 1804 offentlichen

95 1811 276 1847 bedentet
300 1812 397 1856 also,
433 1811 515 1848 dass
542 1812 634 1848 Cato
659 1813 846 1849 Uticensis
918 1814 1186 1851 Prozessionen
1223 1828 1268 1851 zu
1305 1815 1452 1861 wigen,
1483 1827 1563 1851 war
1586 1826 1667 1851 ver-

96 1858 157 1893 ihr
183 1857 316 1894 Oheim
340 1870 429 1894 war.
918 1862 1044 1899 boten.
