1794 3126
99 459 156 503 58

178 115 264 158 208

612 113 844 150 CORNELII
867 113 1029 150 TACITI
1052 113 1314 149 ANNALIUM

174 223 397 266 carissima
421 237 595 265 suorum
617 222 794 277 quisque
814 222 1044 277 pignorum
1063 221 1306 276 proderent.
1337 235 1426 264 non
1441 221 1556 263 enim
1569 221 1740 264 omitte·

174 283 282 324 bant
305 282 504 324 Lucanus
531 295 700 337 quoque
726 283 771 322 et·
793 278 972 322 Senecio
999 282 1043 322 et
1068 280 1327 330 Quintianus
1353 281 1515 336 passim
1540 281 1738 323 conscios

104 352 147 384 15
174 341 308 396 edere,
341 341 481 396 magis
506 340 730 395 magisque
755 339 912 394 pavido
937 338 1124 394 Nerone,
1155 353 1416 394 quamquam
1442 339 1739 395 multiplicatis

174 400 364 442 excubiis
398 401 534 441 semet
566 398 808 453 saepsisset.

291 458 406 509 Quin
432 460 475 500 et
499 458 662 512 urbem,
687 470 763 511 per
787 456 1033 510 manipulos
1061 457 1279 511 occupatis
1306 457 1543 511 moenibus,
1572 456 1737 500 insesso

172 517 303 559 etiam
334 517 443 558 mari
474 518 518 557 et
550 529 694 569 amne,
731 515 849 555 velut
879 514 924 555 in
955 515 1190 559 custodiam
1227 515 1356 558 dedit.
1412 516 1740 571 volitabantque

170 590 246 630 per
280 575 395 630 fora,
431 589 508 629 per
546 574 713 628 domos,
750 587 851 614 rura
889 587 1056 628 quoque
1095 576 1138 616 et
1174 575 1369 629 proxima
1407 574 1740 629 municipiorum

169 634 333 688 pedites
365 633 626 687 equitesque,
657 631 857 686 permixti
889 631 1127 687 Germanis,
1157 633 1312 688 quibus
1345 633 1507 675 fidebat
1537 633 1738 688 princeps

123 707 143 737 5
170 692 294 747 quasi
325 691 525 734 externis,

586 690 791 733 continua
821 689 921 731 hinc
953 692 996 731 et
1027 691 1170 733 vincta
1202 692 1377 747 agmina
1407 692 1519 734 tradi
1552 706 1601 734 ac
1631 692 1737 735 fori-

168 752 248 793 bus
291 751 518 793 hortorum
556 749 765 804 adiacere,
810 750 938 804 atque
976 749 1049 790 ubi
1093 749 1314 792 dicendam
1351 751 1404 793 ad
1450 765 1626 793 causam
1669 751 1738 792 in-

166 810 390 863 troissent,
427 810 635 851 laetatum
667 821 770 863 erga
801 808 1046 850 coniuratos
1078 810 1121 850 et
1157 808 1558 865 fortuitus-sermo,
1597 809 1732 852 subiti

168 883 380 923 occursus,
413 868 450 909 si
476 866 733 920 convivium,
765 866 802 908 si
830 866 1122 920 spectaculum
1154 867 1282 910 simul
1312 868 1507 922 inissent,
1539 883 1618 923 pro
1650 867 1728 910 cri-

167 927 281 968 mine
314 926 467 982 accipi,
499 941 596 968 cum
628 940 756 980 super
786 924 973 968 Neronis
1006 940 1055 967 ac
1085 925 1289 981 Tigellini
1323 941 1471 969 saevas
1503 929 1730 981 perconta-

99 999 142 1031 10
166 986 309 1028 tiones
335 985 520 1027 Faenius
554 999 720 1040 quoque
746 983 883 1026 Rufus
911 984 1122 1026 violenter
1148 987 1331 1040 urgeret,
1362 985 1554 1028 nondum
1585 985 1638 1028 ab
1669 986 1734 1028 in-

168 1045 334 1086 dicibus
364 1044 633 1098 nominatus,
674 1045 717 1086 et
755 1058 838 1098 quo
875 1043 1005 1085 fidem
1043 1043 1239 1086 inscitiae
1275 1046 1467 1100 pararet,
1506 1047 1631 1086 atrox
1661 1043 1736 1086 ad-

168 1118 316 1146 versus
350 1103 500 1145 socios.

561 1102 675 1144 idem
708 1101 862 1144 Subrio
894 1101 1026 1144 Flavo
1065 1102 1292 1145 adsistenti
1330 1103 1642 1159 adnuentique,
1687 1117 1743 1146 an

168 1162 282 1204 inter
320 1162 460 1217 ipsam
493 1161 784 1217 cognitionem
822 1161 1108 1216 destringeret
1144 1162 1334 1217 gladium
1366 1162 1621 1217 caedemque
1664 1176 1738 1217 pa-

169 1223 320 1276 traret,
364 1221 505 1262 renuit
546 1219 808 1276 infregitque
851 1220 1058 1275 impetum
1098 1220 1186 1262 iam
1225 1235 1399 1263 manum
1441 1221 1494 1263 ad
1535 1221 1736 1276 capulum

104 1293 147 1323 15
174 1280 410 1322 referentis.

102 1341 157 1383 59

290 1338 427 1380 Fuere
453 1339 525 1393 qui
548 1337 722 1393 prodita
747 1337 1054 1392 coniuratione,
1081 1338 1180 1380 dum
1209 1339 1380 1381 auditur
1399 1338 1613 1392 Milichus,
1641 1339 1744 1381 dum

174 1398 344 1440 dubitat
375 1396 622 1452 Scaevinus,
659 1397 936 1439 hortarentur
967 1396 1171 1439 Pisonem
1205 1412 1384 1453 pergere
1416 1398 1462 1439 in
1493 1400 1636 1440 castra
1667 1399 1742 1440 aut

173 1459 314 1499 rostra
340 1455 563 1499 escendere
591 1456 817 1511 studiaque
843 1456 1031 1498 militum
1059 1458 1102 1498 et
1125 1457 1275 1511 populi
1298 1459 1526 1512 temptare.
1558 1457 1594 1498 si
1614 1471 1742 1499 cona-

173 1516 290 1558 tibus
334 1516 424 1557 eius
468 1515 629 1558 conscii
674 1515 1028 1571 adgregarentur,
1080 1518 1301 1558 secuturos
1346 1516 1478 1557 etiam
1529 1515 1741 1571 integros3

128 1586 148 1617 5
175 1588 461 1630 magnamque
492 1576 635 1616 motae
666 1575 729 1615 rei
765 1574 944 1629 famam,
983 1588 1091 1628 quae
1130 1574 1364 1628 plurimum
1404 1575 1451 1616 in
1488 1574 1612 1617 novis
1643 1588 1743 1616 con-

175 1634 281 1675 siliis
318 1633 492 1675 valeret.
552 1633 660 1674 nihil
698 1632 925 1674 adversum
961 1632 1068 1674 haec
1108 1632 1272 1674 Neroni
1317 1634 1548 1688 provisum.

1610 1633 1744 1675 etiam

174 1692 310 1734 fortes
354 1692 468 1733 viros
514 1691 666 1733 subitis
709 1692 878 1746 terreri,
927 1691 1086 1733 nedum
1128 1692 1200 1733 ille
1244 1692 1481 1746 scaenicus,
1527 1691 1741 1747 Tigellino

177 1751 341 1793 scilicet
384 1765 481 1792 cum
531 1750 764 1804 paelicibus
809 1750 897 1792 suis
943 1751 1197 1806 comitante,
1242 1765 1361 1792 arma
1404 1752 1555 1793 contra
1598 1750 1740 1794 cieret.

176 1809 314 1851 multa
346 1809 600 1864 experiendo
634 1808 819 1864 confieri,
851 1823 959 1865 quae
992 1810 1195 1864 segnibus
1223 1809 1357 1851 ardua
1388 1809 1625 1866 videantur,
1656 1810 1743 1852 fru-

230 1929 285 1961 13.
318 1916 420 1960 Uber
444 1925 607 1970 piynora
638 1936 665 1959 s.
699 1937 742 1959 zu
773 1925 842 1970 Kp.
872 1929 927 1961 36.

182 1993 226 1997 -
269 1983 345 2008 ‘mm
387 1973 598 2007 omittebant
645 1971 765 2007 bildet
811 1971 929 2007 Einen

181 2018 337 2065 Begriff3
365 2019 482 2054 daher
506 2019 606 2053 kann
631 2029 769 2063 quoque
790 2019 928 2064 folgen.

183 2066 230 2101 So
256 2067 320 2102 des
346 2066 595 2111 Gegensatzes
620 2077 750 2112 wegen
777 2065 850 2102 Cic.
883 2066 928 2101 de

183 2114 273 2150 orat.
302 2117 335 2157 2,
356 2117 400 2149 56
426 2117 459 2148 et
482 2124 557 2148 ‘non
581 2114 691 2148 huius
715 2114 769 2148 rei
793 2124 930 2159 quoque

177 2162 355 2206 palmam,
380 2164 422 2195 ut
440 2164 648 2203 ceterarum,
675 2159 805 2195 Crasso
828 2161 928 2196 detu-

186 2209 278 2244 lisse.
323 2208 467 2242 Anders
492 2207 541 2242 ist
567 2217 704 2252 quoque
728 2218 814 2250 non,
838 2218 934 2243 wor-

186 2255 278 2290 iiber
302 2255 378 2299 vgl.
405 2267 449 2289 zu
475 2258 508 2297 3,
536 2258 591 2289 54.

233 2305 288 2338 14.
305 2302 448 2346 passim
474 2301 534 2345 „in
554 2301 723 2346 Menge“.
757 2300 842 2346 Vgl.
862 2302 932 2347 Kp.

184 2352 229 2383 46
256 2349 410 2394 ‘naviyia
432 2349 573 2393 passim
599 2349 809 2383 amiserunt.

233 2441 295 2478 58.
331 2447 362 2477 2.
396 2443 548 2478 volitare
579 2442 650 2477 wie
681 2445 736 2485 13,
763 2446 794 2478 9.
828 2446 861 2487 2,
888 2446 932 2477 21

187 2490 263 2525 und
287 2489 349 2525 bei
375 2489 514 2525 Cicero.

235 2541 267 2572 4.
290 2536 492 2572 Germanis.
520 2536 708 2571 Deutsche
729 2536 855 2571 Reiter
874 2548 936 2582 ge-

188 2584 322 2620 horten
346 2595 410 2618 zur
435 2583 655 2618 Leibwache
687 2583 750 2631 des
776 2583 935 2625 KaiserS.

235 2635 268 2667 5.
295 2631 402 2675 quasi
424 2631 613 2675 bedeutet,
639 2629 719 2665 dass
746 2630 798 2666 sie
824 2630 937 2666 wirk-

191 2678 269 2713 lich
293 2678 450 2724 Eremde
476 2688 616 2721 waren,
647 2674 696 2717 ὡς
720 2676 852 2719 ξένοις.

237 2729 269 2760 6.
296 2725 396 2759 Uber
420 2725 486 2760 ubi
503 2725 575 2759 mit
599 2724 684 2758 dem
704 2724 937 2770 Konjunktiv

191 2783 217 2807 s.
246 2784 291 2806 zu
317 2772 385 2817 Kp.
413 2775 459 2806 44
486 2783 546 2806 am
572 2771 686 2806 Ende.

238 2822 269 2854 7.
298 2819 470 2854 laetatum
497 2819 549 2863 (in
574 2819 639 2853 der
657 2818 862 2853 Handsehr.
883 2819 935 2854 Za-

189 2867 321 2910 tatum)
359 2865 408 2900 ist
438 2865 619 2909 Infinitiv,
656 2865 763 2900 nicht
801 2865 934 2910 passiv,

1003 1925 1162 1960 sondern
1207 1925 1314 1961 aktiv
1356 1938 1400 1960 zu
1441 1924 1578 1961 fassen:
1623 1925 1745 1971 „seine

1002 1971 1144 2008 Freude
1159 1971 1348 2018 ge‘aussert
1362 1985 1407 2007 zu
1419 1972 1576 2009 haben“.
1602 1993 1643 1998 —
1667 1983 1753 2019 erya

1003 2020 1264 2064 ‚,gegen1'iber“
1291 2019 1361 2055 wie
1390 2023 1444 2063 11,
1471 2023 1528 2054 25.
1554 2023 1588 2064 4,
1617 2023 1673 2066 11,
1693 2023 1751 2055 20.

1052 2070 1105 2102 14.
1144 2067 1296 2112 infreyit
1334 2067 1506 2111 impetum
1544 2067 1752 2112 entspricht

1002 2113 1073 2148 den
1093 2113 1325 2149 klassisehen
1345 2114 1584 2159 Metaphern:
1610 2114 1747 2159 infrin-

1001 2171 1081 2205 9ere
1106 2164 1294 2204 conatum,
1320 2161 1480 2205 animos,
1505 2171 1614 2206 spem.

1054 2254 1117 2290 59.
1144 2259 1177 2289 2.
1203 2258 1324 2290 castra
1350 2254 1427 2290 scil.
1450 2255 1650 2299 praetoria.

1055 2305 1086 2337 7.
1120 2294 1220 2337 Uber
1256 2302 1388 2337 nedum
1421 2302 1518 2337 nach
1554 2301 1753 2347 positivem

1005 2348 1234 2393 Hauptsatze
1276 2361 1303 2385 s.
1343 2361 1386 2384 zu
1427 2353 1481 2392 13,
1507 2353 1553 2384 20
1584 2361 1619 2384 u.
1655 2348 1752 2385 Einl.

1054 2447 1085 2478 8.
1114 2443 1231 2477 cieret.
1258 2442 1341 2487 Vgl.
1368 2446 1401 2486 3,
1426 2446 1470 2477 41
1491 2453 1660 2488 pugnam
1681 2453 1751 2487 pro

1007 2489 1186 2524 Romanis
1218 2490 1323 2524 ciens.
1367 2488 1453 2526 hist.
1485 2493 1518 2534 3,
1543 2493 1587 2524 41
1619 2500 1753 2524 novum

1009 2537 1139 2572 bellum
1164 2537 1278 2571 cieret.
1313 2536 1362 2572 So
1387 2538 1508 2572 zuerst
1532 2536 1634 2582 Virg.
1661 2537 1751 2572 Aen.

1011 2588 1043 2627 1,
1069 2586 1135 2618 541
1173 2584 1265 2618 bella
1296 2584 1407 2627 cient,
1438 2583 1537 2619 dann
1568 2583 1663 2618 auch
1692 2582 1753 2618 Li-

1009 2630 1090 2665 vius
1117 2630 1192 2665 und
1217 2630 1394 2676 Vellejus.
1632 2651 1634 2653 ·

1058 2682 1089 2712 9.
1132 2677 1207 2712 Das
1243 2677 1353 2712 meist
1391 2676 1636 2712 dichterische
1678 2677 1754 2712 und

1010 2724 1312 2759 naehklassische
1332 2724 1480 2768 confieri
1502 2723 1592 2768 (satt
1611 2724 1754 2769 confici)

1009 2772 1108 2807 steht
1139 2771 1234 2806 auch
1267 2771 1403 2806 einmal
1433 2770 1493 2805 bei
1525 2770 1628 2806 Caes.
1654 2770 1691 2806 b.
1718 2782 1754 2817 g.

1010 2823 1041 2862 7,
1069 2821 1113 2853 58
1139 2818 1215 2852 und
1240 2819 1336 2853 &fter
1359 2817 1398 2852 in
1424 2817 1495 2852 den
1514 2817 1663 2853 Briefen
1689 2817 1754 2853 der

1009 2865 1272 2910 Zeitgenossen
1299 2863 1454 2899 Ciceros.
