1794 3126
575 81 723 117 LIBER.
745 81 825 118 XV.
865 81 969 118 CAP.
995 85 1148 117 40—43.

1560 80 1647 123 197

78 190 372 247 navigabilem
410 189 573 233 fossam
610 204 746 246 usque
785 189 840 231 ad
871 189 983 231 ostia
1013 188 1215 231 Tiberina
1247 189 1524 244 depressuros
1557 204 1655 245 pro·

73 250 301 304 miserant,
345 249 562 304 squalenti
606 249 734 290 litore
778 250 854 290 aut
896 261 973 302 per
1015 249 1184 289 montes
1229 247 1443 290 adversos

1516 263 1654 304 neque

75 308 189 352 enim
229 308 345 350 aliud
377 308 570 350 umidum
601 306 830 363 gignendis
863 306 986 361 aquis
1018 307 1205 348 occurrit
1236 321 1365 361 quam
1396 306 1653 362 Pomptinae
1680 321 1724 353 10

72 367 270 423 paludes:
313 369 456 409 cetera
492 366 677 420 abrupta
714 367 790 407 aut
827 365 1010 420 arentia,
1048 379 1097 407 ac
1136 365 1174 407 si
1210 365 1432 420 perrumpi
1466 369 1654 433 possent,

73 426 372 468 intolerandus
403 426 527 468 labor
557 439 637 467 nec
669 425 773 466 satis
806 438 972 466 causae.
1033 423 1151 467 Nero
1183 426 1347 479 tamen,
1387 426 1436 466 ut
1467 428 1561 467 erat
1590 425 1654 467 in-

75 485 346 527 credibilium
378 484 559 540 cupitor,
591 483 774 526 effodere
805 484 1003 538 proxima
1032 483 1204 526 Averno
1236 484 1338 540 iuga
1370 483 1543 526 conisus
1576 488 1654 539 est,

73 546 336 599 manentque
366 543 551 599 vestigia
581 543 739 585 inritae
771 543 873 597 spei.

192 602 392 646 Ceterum
423 602 542 644 urbis
575 616 683 657 quae
721 602 868 644 domui
905 604 1158 657 supererant
1194 617 1300 657 non,
1337 604 1386 644 ut
1420 603 1522 657 post
1553 601 1652 644 Gal-
1666 605 1723 648 43

73 662 157 704 lica
182 661 394 715 incendia,
422 661 545 703 nulla
570 660 849 704 distinctione
875 675 953 703 nec
978 661 1141 716 passim
1168 664 1322 716 erecta,
1348 661 1423 703 sed
1447 661 1652 703 dimensis

71 721 264 763 vicorum
297 720 522 763 ordinibus
555 722 598 762 et
629 720 731 762 latis
763 720 930 762 viarum
956 720 1108 775 spatiis
1134 720 1410 776 cohibitaque
1438 719 1653 763 aedificio-

70 794 167 821 rum
216 779 444 822 altitudine
483 794 533 822 ac
570 779 800 834 patefactis
839 779 949 821 areis
988 779 1228 835 additisque
1265 779 1504 834 porticibus
1543 795 1652 835 quae

70 838 262 882 frontem
292 839 534 881 insularum
560 841 853 895 protegerent.
904 853 976 880 eas
1002 839 1195 893 porticus
1221 837 1340 882 Nero
1367 853 1446 881 sua
1471 840 1654 894 pecunia
1679 852 1700 884 5

71 896 367 940 extructurum
423 901 717 953 purgatasque
780 912 900 940 areas
962 897 1147 940 dominis
1209 898 1471 940 traditurum
1525 899 1653 953 polli-

72 957 184 999 citus
232 959 310 999 est.

385 957 548 999 addidit
596 957 788 1012 praemia
834 971 912 1012 pro
957 957 1163 1012 cuiusque
1208 957 1356 999 ordine
1400 959 1443 999 et
1485 958 1549 999 rei
1591 957 1653 999 fa-

9 1059 12 1062 ,
69 1016 253 1058 miliaris
292 1016 448 1071 copiis,
485 1016 712 1072 finivitque
751 1019 922 1070 tempus
959 1016 1078 1058 intra
1115 1016 1229 1071 quod
1261 1016 1421 1058 effectis
1454 1015 1652 1059 domibus

70 1077 147 1117 aut
183 1075 338 1117 insulis
377 1075 682 1131 apiscerentur.
745 1074 888 1116 ruderi
927 1075 1173 1130 accipiendo
1213 1074 1436 1118 Ostienses
1470 1075 1652 1130 paludes

68 1133 338 1189 destinabat,
375 1134 526 1189 utique
560 1149 709 1190 naves,
747 1148 855 1190 quae
886 1134 1152 1176 frumentum
1186 1134 1333 1177 Tiberi
1364 1135 1651 1178 subvectavis-

69 1195 182 1248 sent,
227 1195 406 1236 onustae
450 1194 600 1236 rudere
643 1194 936 1249 decurrerent,
980 1193 1260 1249 aedificiaque
1298 1194 1393 1249 ipsa
1431 1196 1548 1236 certa
1585 1194 1652 1236 sui

68 1254 195 1306 parte
229 1253 322 1295 sine
353 1253 551 1295 trabibus
584 1268 689 1296 saxo
722 1252 895 1295 Gabino
927 1252 1155 1295 Albanove
1192 1253 1499 1308 solidarentur,
1537 1253 1651 1309 quod

66 1311 104 1353 is
143 1311 256 1366 lapis
294 1311 468 1368 ignibus
508 1312 745 1367 impervius
784 1314 866 1367 est3
904 1312 991 1354 iam
1031 1327 1141 1367 aqua
1172 1313 1442 1367 privatorum
1472 1312 1651 1355 licentia

66 1370 309 1426 intercepta
352 1385 436 1427 quo
481 1371 646 1427 largior
686 1374 730 1414 et
765 1371 962 1427 pluribus
1000 1371 1106 1413 locis
1143 1371 1190 1413 in
1227 1372 1450 1427 publicum
1487 1372 1650 1427 flueret,

70 1429 284 1485 custodes,
315 1432 358 1472 et
390 1430 584 1472 subsidia
615 1429 901 1486 reprimendis
933 1430 1107 1486 ignibus
1139 1431 1186 1472 in
1211 1431 1442 1486 propatulo
1469 1431 1650 1487 quisque

68 1487 266 1543 haberet3
297 1503 377 1531 nec
402 1490 705 1532 communione
731 1490 957 1545 parietum,
982 1489 1056 1532 sed
1082 1490 1269 1544 propriis
1297 1504 1488 1545 quaeque
1514 1490 1650 1532 muris

68 1547 349 1593 ambirentur.
414 1562 465 1590 ea
512 1563 562 1590 ex
606 1549 793 1592 utilitate
838 1551 1015 1604 accepta
1058 1548 1255 1591 decorem
1300 1564 1469 1604 quoque
1512 1563 1650 1591 novae

122 1679 155 1711 8.
188 1676 386 1720 deprimere
409 1676 587 1720 fossam,
590 1676 712 1721 ‚einen
737 1677 829 1713 Gra-

71 1722 146 1757 ben
187 1722 343 1758 ziehen“
385 1723 482 1770 auch
519 1724 619 1759 beim
651 1725 760 1760 Auct.
793 1725 828 1762 b.

74 1768 172 1804 Gall.
200 1772 242 1813 8,
268 1773 301 1805 9.
327 1773 387 1805 40.
430 1761 595 1806 Ahnlich
622 1770 697 1807 Cic.
723 1772 827 1808 Verr.

71 1819 116 1861 5,
142 1820 187 1852 27
220 1820 335 1852 totum
365 1820 416 1852 est
440 1828 484 1853 ex
509 1828 600 1853 saxo
625 1819 667 1853 in
691 1820 828 1854 miran-

73 1864 163 1899 dam
188 1864 423 1900 altitudinem
447 1865 623 1909 depresso.
665 1865 750 1911 Vgl.
773 1870 829 1911 12,

74 1913 119 1946 5‘1
147 1912 268 1956 operis
295 1931 338 1936 —
366 1912 468 1947 haud
491 1913 583 1948 satis
607 1914 777 1958 depressi.

121 1973 154 2004 9.
186 1970 414 2016 squalenti,
419 1972 544 2015 ‚wfist,
577 1972 705 2007 steril“
734 1973 831 2008 nach

70 2015 176 2062 Virg.
217 2015 352 2063 Georg.
388 2022 425 2061 1,
459 2021 527 2053 507
565 2020 733 2064 squalent
769 2020 830 2056 ab·

67 2028 190 2099 duetgis
214 2075 307 2100 arva
332 2065 480 2100 colonis.

115 2127 172 2158 13.
212 2116 314 2159 Uber
339 2124 485 2169 cupitor
512 2136 540 2159 s.
568 2137 613 2160 zu
641 2129 703 2169 12,
731 2129 762 2161 7.

114 2181 225 2218 Nach
266 2183 406 2219 Sueton
453 2183 564 2219 sollte
601 2184 662 2219 die
700 2183 827 2230 Lange

66 2229 91 2264 d
102 2239 141 2264 es
160 2228 431 2275 projektierten
441 2230 581 2266 Kanals
598 2235 666 2267 160
680 2230 827 2267 Millien

67 2276 259 2322 betragen
290 2278 367 2312 und
400 2277 461 2313 die
493 2278 620 2314 Breite
652 2289 692 2314 so
725 2279 825 2325 gross

74 2323 172 2368 sein,
211 2323 293 2359 dass
330 2325 421 2360 zwei
456 2325 706 2361 Fi‘infruderer
745 2326 826 2361 sich

73 2370 312 2407 ausweichen
349 2371 529 2408 konnten.
585 2372 660 2408 Der
692 2373 826 2409 Zweek

67 2417 122 2453 sei
147 2428 339 2464 gewesen‚
364 2423 407 2455 ut
430 2420 589 2456 navibus
613 2431 679 2456 nec
703 2424 825 2457 tamen

65 2466 163 2501 mari
187 2466 315 2502 iretur.

109 2559 174 2595 43.
213 2565 244 2595 1.
277 2560 329 2594 Zu
355 2570 536 2605 superesse
554 2561 626 2596 mit
644 2561 729 2597 dem
749 2561 822 2597 Da-

60 2606 129 2650 tiv,
153 2618 231 2643 was
256 2607 295 2642 in
321 2607 462 2643 diesem
493 2607 605 2644 Sinne
630 2620 725 2654 ganz
751 2619 819 2644 un-·

63 2653 302 2699 gewohnlich
326 2654 394 2699 ist,
429 2655 505 2700 vgl
531 2655 612 2691 Liv.
639 2659 704 2700 21,
730 2660 753 2691 4
778 2657 819 2691 id

65 2701 162 2746 quod
173 2702 339 2749 yerendis
349 2682 456 2737 re⁷bus
476 2706 684 2747 superesset,
704 2704 818 2748 quieti

64 2748 202 2784 datum.
260 2738 443 2785 ⁴Ahnlich.
482 2760 664 2795 superesse
701 2750 816 2794 caedi,

65 2795 180 2839 cladi,
202 2806 353 2842 puqnae
379 2796 501 2842 (Liv.)

109 2857 142 2890 2.
177 2855 363 2892 dimensus
385 2856 440 2892 als
461 2855 590 2893 Passiv
611 2855 727 2892 sehon
752 2856 812 2892 bei

903 1676 1044 1722 Cicero,
1067 1677 1138 1713 wie
1157 1688 1317 1713 emensus
1336 1678 1426 1714 oder
1438 1688 1652 1723 permensus

901 1724 963 1760 bei
990 1724 1183 1770 Spateren.

950 1775 983 1807 4.
1015 1783 1123 1807 areae
1151 1771 1235 1807 sind
1258 1771 1350 1807 freie
1375 1771 1573 1817 Hofplatze
1598 1772 1651 1807 im

902 1818 1050 1863 Innern,
1070 1819 1130 1854 die
1146 1819 1237 1854 Luft
1255 1818 1332 1854 und
1345 1819 1456 1854 Licht
1469 1819 1650 1856 zulassen.

951 1869 983 1901 6.
1009 1869 1194 1911 purqatas
1214 1866 1250 1900 d.
1269 1866 1306 1902 h.
1327 1877 1414 1902 vom
1434 1865 1570 1902 Schutt
1587 1866 1651 1901 be-

901 1912 990 1948 freit
1013 1912 1091 1947 und
1115 1913 1287 1958 g.eebnet

954 1963 1008 1996 10.
1041 1925 1260 2004 subvectare,
1285 1960 1346 1995 bei
1366 1960 1453 1996 Tac.
1480 1956 1546 1996 ἅπ.
1570 1959 1650 2007 sle„

903 2008 1009 2042 sonst
1032 2007 1108 2043 fast
1131 2019 1202 2043 nur
1226 2007 1288 2043 bei
1312 2006 1504 2044 Dichtern.

952 2057 1008 2090 12.
1033 2065 1135 2091 saxo.
1174 2055 1223 2089 Es
1244 2055 1315 2091 soll
1328 2055 1509 2091 Tuffstein
1523 2056 1650 2100 (tofus)

903 2101 1004 2146 sein,
1042 2102 1109 2138 der
1145 2102 1231 2137 sehr
1267 2106 1379 2147 poros
1409 2102 1460 2138 ist
1490 2103 1566 2138 und
1596 2103 1649 2138 im

902 2149 1023 2185 Feuer
1059 2149 1166 2185 nicht
1202 2150 1360 2195 springt.
1415 2150 1517 2185 Aber
1552 2151 1649 2186 nach

900 2196 997 2231 Plin.
1019 2200 1075 2241 36,
1101 2200 1132 2240 ξ.
1156 2201 1223 2233 166
1242 2197 1294 2232 ist
1313 2208 1354 2232 er
1371 2197 1646 2233 unbrauchbar:

899 2243 998 2287 tofus
1039 2245 1219 2288 aedificiis
1254 2245 1404 2281 inutilis
1433 2249 1483 2282 est
1513 2249 1646 2281 morta-

898 2291 1019 2335 litate,
1045 2292 1213 2327 mollitia.

946 2342 1002 2374 15.
1035 2340 1198 2374 custodes
1227 2340 1279 2375 ist
1313 2339 1454 2386 Objekt
1484 2340 1549 2375 des
1578 2339 1646 2375 fol-

897 2386 1045 2430 genden
1080 2387 1243 2430 haberet;
1279 2387 1340 2422 die
1371 2387 1647 2423 Konstruktion

895 2432 948 2467 ist
975 2433 1071 2468 also:
1098 2433 1222 2469 ferner
1245 2434 1382 2469 sollten
1402 2434 1462 2470 die
1479 2434 1647 2470 Wasser-

899 2479 1091 2525 leitungen
1116 2479 1301 2516 Aufseher
1325 2481 1461 2516 haben.

946 2531 1001 2562 16.
1028 2528 1276 2563 communione
1288 2529 1476 2572 parietum
1497 2527 1548 2563 ist
1568 2526 1645 2564 Ab·

896 2574 1074 2609 straotum
1107 2585 1176 2620 pro
1203 2576 1387 2610 concreto.
1414 2596 1458 2601 —
1484 2586 1646 2622 quaeque

892 2620 1074 2656 bedentet
1100 2621 1229 2667 „jedes
1249 2621 1525 2658 Grundstfick“.

890 2667 1020 2703 Neutr.
1041 2668 1138 2714 plur.
1159 2668 1211 2704 ist
1239 2670 1335 2704 trotz
1361 2670 1426 2704 des
1452 2670 1541 2705 weit
1566 2672 1644 2705 ent-

890 2710 1038 2750 fernten
1071 2716 1240 2760 aedificia
1276 2727 1337 2751 um
1369 2727 1410 2752 so
1443 2717 1533 2753 eher
1562 2728 1643 2753 ver-

890 2762 1095 2805 standlich,
1142 2763 1197 2799 als
1234 2763 1301 2799 das
1340 2764 1643 2810 voraufgehende

888 2810 1039 2894 quisque
1082 2790 1263 2847 bedentet
1307 2811 1435 2857 „jeder
1474 2812 1641 2848 Hausbe—

887 2866 920 2891 si
937 2860 1007 2893 zer‘

1680 1149 1723 1181 10

1677 1444 1721 1476 15

1569 2623 1645 2658 Das
1665 2641 1667 2645 ·
