1794 3094
188 134 274 177 102

621 133 849 171 CORNELII
873 132 1033 170 TACITI
1056 132 1319 169 ANNALIUM

190 243 380 299 legiones
423 242 540 285 haud
582 242 910 297 imperatorium
953 244 1093 296 ratus,
1147 242 1334 297 equitem
1376 241 1486 284 vado
1533 240 1749 285 tramittit.

187 302 411 357 praefuere
463 301 696 344 Stertinius
747 304 790 343 et
842 316 864 343 e
919 314 1096 343 numero
1146 300 1475 355 primipilarium
1525 299 1750 356 Aemilius,

152 369 173 400 5
189 360 448 403 distantibus
480 361 586 403 locis
611 360 782 415 invecti,
809 362 857 402 ut
879 359 1048 402 hostem
1075 359 1342 402 deducerent.
1392 374 1477 415 qua
1502 359 1749 402 celerrimus

190 420 343 472 amnis,
363 418 652 462 Chariovalda
673 419 756 461 dux
776 418 1041 461 Batavorum
1068 418 1219 473 erupit.
1257 433 1353 460 eum
1375 416 1582 460 Cherusci
1599 418 1750 474 fugam

188 479 438 521 simulantes
482 478 529 520 in
573 479 796 532 planitiem
838 478 1020 520 saltibus
1062 477 1379 520 circumiectam
1422 479 1609 532 traxere,
1652 476 1749 519 dein

187 537 323 579 coorti
362 539 406 579 et
441 536 628 592 undique
668 537 791 579 effusi
828 537 1009 578 trudunt
1047 537 1272 591 adversos,
1303 536 1471 578 instant
1501 535 1749 579 cedentibus

186 596 474 651 collectosque
513 597 556 638 in
590 596 739 638 orbem
771 610 871 650 pars
903 595 1143 651 congressi,
1176 595 1352 650 quidam
1384 595 1551 637 eminus
1582 597 1750 650 protur-

128 662 172 695 10
186 655 303 698 bant.

372 653 657 697 Chariovalda
697 655 768 696 diu
807 656 1050 697 sustentata
1087 654 1280 697 hostium
1313 654 1511 709 saevitia,
1549 653 1749 697 hortatus

187 728 287 756 suos
327 716 376 756 ut
412 714 663 770 ingruentes
704 716 900 756 catervas
940 714 1070 769 globo
1115 714 1451 769 perfringerent,
1491 715 1619 768 atque
1656 713 1749 768 ipse

186 772 466 815 densissimos
497 773 759 827 inrumpens,
786 773 1001 828 congestis
1028 773 1127 815 telis
1154 775 1197 814 et
1223 772 1407 815 suffosso
1434 786 1543 828 equo
1574 772 1750 828 labitur,

185 845 234 874 ac
277 832 402 873 multi
445 831 658 873 nobilium
702 832 831 873 circa:
877 834 1042 874 ceteros
1089 832 1151 874 vis
1196 846 1274 874 sua
1317 833 1391 873 aut
1440 831 1606 886 equites
1651 845 1749 874 cum

186 889 392 932 Stertinio
425 888 698 946 Aemilioque
731 890 1035 932 subvenientes
1067 890 1261 946 periculo
1294 904 1499 932 exemere.

115 947 171 989 12

304 947 463 991 Caesar
499 951 797 1005 transgressus
829 948 1052 1004 Visurgim
1089 949 1244 992 indicio
1283 949 1490 1004 perfugae
1522 948 1748 1003 cognoscit

185 1007 397 1049 delectum
448 1007 502 1049 ab
553 1007 755 1050 Arminio
805 1008 948 1050 locum
997 1021 1193 1063 pugnae,
1248 1008 1497 1050 convenisse
1547 1010 1590 1050 et
1638 1007 1748 1050 alias

184 1066 383 1109 nationes
434 1066 480 1108 in
533 1067 687 1108 silvam
736 1066 914 1109 Herculi
965 1081 1131 1109 sacram
1182 1081 1445 1122 ausurosque
1493 1069 1750 1110 nocturnam

184 1127 424 1168 castrorum
457 1126 836 1180 oppugnationem.
903 1125 1055 1167 habita
1090 1125 1221 1167 indici
1252 1126 1358 1168 fides
1391 1127 1435 1167 et
1465 1125 1750 1168 cernebantur

136 1193 158 1224 5
184 1184 309 1240 ignes
319 1218 329 1238 ,

386 1185 692 1240 suggressique
747 1184 927 1239 propius
985 1185 1275 1239 speculatores
1334 1184 1475 1228 audiri
1530 1184 1749 1227 fremitum

185 1257 392 1298 equorum
435 1244 703 1298 inmensique
749 1246 791 1285 et
834 1243 1046 1286 inconditi
1092 1244 1277 1299 agminis
1321 1258 1514 1285 murmur
1557 1245 1749 1287 attulere.

183 1302 318 1356 igitur
348 1302 593 1357 propinquo
626 1317 820 1344 summae
861 1302 924 1344 rei
956 1302 1204 1345 discrimine
1243 1302 1528 1357 explorandos
1560 1302 1749 1345 militum

183 1361 351 1403 animos
395 1363 535 1415 ratus,
579 1376 767 1416 quonam
817 1361 860 1402 id
908 1361 1036 1404 modo
1080 1361 1378 1417 incorruptum
1426 1361 1556 1415 foret,
1605 1375 1750 1404 secum

184 1420 391 1476 agitabat.
435 1420 635 1462 tribunos
661 1422 704 1462 et
730 1420 999 1462 centuriones
1032 1420 1148 1462 laeta
1173 1421 1345 1476 saepius
1373 1435 1501 1475 quam
1527 1422 1750 1476 comperta

126 1487 168 1518 10
183 1479 395 1533 nuntiare,
415 1479 667 1521 libertorum
695 1478 870 1521 servilia
895 1480 1082 1534 ingenia,
1102 1480 1251 1522 amicis
1278 1480 1418 1521 inesse
1438 1479 1749 1535 adulationem3

184 1538 220 1579 si
252 1537 395 1580 contio
433 1540 629 1593 vocetur,
666 1537 759 1579 illic
801 1552 968 1593 quoque
1008 1553 1117 1593 quae
1155 1539 1283 1593 pauci
1319 1538 1530 1593 incipiant
1559 1538 1748 1594 reliquos

183 1596 439 1651 adstrepere.

507 1597 680 1651 penitus
719 1597 956 1639 noscendas
995 1599 1178 1653 mentes,
1221 1612 1315 1639 cum
1354 1598 1509 1639 secreti
1548 1599 1591 1639 et
1626 1598 1748 1640 incu-

184 1655 336 1697 stoditi
366 1656 480 1697 inter
511 1655 716 1698 militaris
749 1656 868 1697 cibos
902 1670 1023 1711 spem
1057 1659 1132 1698 aut
1162 1659 1325 1698 metum
1358 1656 1610 1711 proferrent.

116 1712 169 1756 13

302 1714 440 1757 Nocte
480 1716 634 1769 coepta
673 1722 872 1769 egressus
911 1715 1109 1770 augurali
1145 1730 1223 1770 per
1261 1715 1429 1757 occulta
1469 1718 1512 1757 et
1543 1715 1748 1771 vigilibus

183 1773 352 1829 ignara,
384 1773 541 1815 comite
572 1788 672 1828 uno,
700 1775 921 1816 contectus
952 1788 1123 1816 umeros
1154 1774 1294 1816 ferina
1319 1774 1443 1829 pelle,
1470 1774 1562 1816 adit
1587 1776 1747 1816 castro-

182 1846 279 1874 rum
312 1832 421 1887 vias,
460 1832 633 1874 adsistit
669 1832 960 1875 tabernaculis
991 1833 1233 1888 fruiturque
1271 1833 1388 1876 fama
1419 1832 1506 1888 sui,
1550 1847 1646 1875 cum
1677 1832 1748 1875 hic

181 1890 458 1933 nobilitatem
491 1891 629 1945 ducis,
661 1892 856 1933 decorem
896 1891 1026 1947 alius,
1057 1892 1232 1946 plurimi
1264 1892 1540 1947 patientiam,
1571 1892 1748 1935 comita-

147 1952 289 2005 5tem,
331 1964 408 2004 per
448 1950 561 1992 seria
604 1964 682 2006 per
724 1950 841 1993 iocos
887 1951 1066 1992 eundem
1111 1951 1304 1993 animum
1347 1951 1547 1993 laudibus
1583 1950 1749 1993 ferrent

182 2008 525 2065 reddendamque
572 2009 759 2065 gratiam
803 2010 847 2051 in
887 2010 976 2051 acie
1014 2010 1271 2066 faterentur,
1315 2010 1443 2052 simul
1480 2010 1666 2065 perfidos
1704 2011 1748 2052 ct

228 2151 261 2183 4.
312 2147 402 2182 Wer
429 2148 644 2192 primipilus
674 2159 844 2193 gewesen
869 2148 928 2193 ist,

179 2194 295 2229 heisst
314 2195 566 2239 primipilaris
585 2195 661 2230 und
685 2196 819 2240 gehort
844 2196 929 2231 dem

181 2241 439 2276 Ritterstande
465 2253 523 2278 an.

232 2291 264 2323 5.
315 2289 488 2334 deducere
512 2289 709 2325 ablenken.

231 2339 287 2371 12.
338 2335 437 2370 Uber
479 2337 686 2380 inrumpere
729 2336 798 2371 mit
842 2337 928 2372 dem

181 2381 327 2418 blossen
352 2381 552 2419 Accusativ
584 2394 611 2419 s.
646 2395 689 2418 zu
717 2387 754 2428 1,
780 2387 826 2419 48
852 2384 927 2419 und

182 2429 280 2465 Einl.
308 2433 340 2472 ξ.
367 2433 424 2475 25,
453 2441 482 2465 c.

229 2477 293 2512 12.
344 2481 375 2513 3.
427 2477 501 2511 Fur
538 2477 610 2512 den
647 2476 929 2522 germanischen

182 2523 368 2559 Herkules
402 2524 531 2559 halten
567 2523 690 2569 einige
728 2524 800 2559 den
838 2524 930 2559 Gott

182 2569 324 2614 Donar,
364 2571 499 2606 andere
533 2571 620 2617 (wie
651 2570 735 2607 Jak.
771 2571 927 2617 Grimm)

184 2617 258 2653 den
282 2617 405 2653 Irmin.

229 2667 260 2700 5.
306 2666 476 2711 suyyredi
499 2677 569 2700 nur
593 2665 632 2701 in
653 2666 725 2701 den
743 2664 925 2710 Annaleu,

181 2712 276 2746 nach
302 2711 453 2748 Sallust.

232 2762 282 2795 12.
321 2760 526 2804 adstrepere
550 2759 665 2795 findet
684 2759 762 2795 sich
782 2760 858 2795 eret
874 2759 928 2794 im

182 2805 369 2840 silbernen
401 2806 550 2852 Latein,
585 2807 656 2842 mit
687 2807 770 2842 dem
796 2805 927 2842 Aecus.

181 2863 251 2886 nur
287 2853 384 2887 noch
416 2853 452 2888 h.
487 2857 527 2898 4,
560 2857 604 2890 49
639 2858 682 2890 ut
715 2854 837 2890 eadem
862 2854 927 2890 ad·

181 2902 392 2944 streperent.

1050 2149 1113 2184 13.
1151 2153 1181 2185 1.
1220 2152 1343 2193 coepta
1375 2166 1420 2178 =
1452 2149 1551 2193 orta,
1584 2160 1610 2184 ε.
1643 2161 1689 2184 zu
1715 2154 1747 2195 1,

1003 2199 1059 2231 65.
1086 2217 1130 2222 -
1163 2197 1341 2241 auqurale
1371 2195 1422 2230 ist
1453 2195 1535 2231 hier
1565 2196 1632 2231 das
1657 2195 1749 2231 Pra-

1000 2243 1150 2287 torium,
1177 2243 1247 2278 wie
1261 2243 1357 2278 auch
1379 2246 1433 2287 15,
1448 2247 1494 2278 30
1506 2243 1581 2278 und
1593 2242 1746 2286 Quintil.

1001 2294 1034 2335 8,
1062 2295 1095 2336 2,
1122 2295 1154 2326 8.

1048 2353 1081 2386 2.
1131 2350 1286 2396 ignarus
1315 2366 1359 2378 =
1390 2348 1559 2394 ignotus,
1592 2348 1688 2384 auch
1711 2352 1746 2394 3,

1003 2401 1059 2441 69,
1073 2400 1107 2442 4,
1121 2400 1187 2432 8u.
1203 2395 1309 2432 oster.
1330 2416 1375 2422 —
1396 2399 1578 2432 contectus
1595 2405 1746 2441 umeros,

1001 2444 1070 2479 wie
1090 2455 1145 2488 cp.
1163 2448 1204 2479 17
1225 2444 1359 2479 oblitus
1377 2444 1509 2487 faciem
1527 2453 1593 2479 suo
1609 2453 1746 2479 cruore.

1001 2491 1086 2537 Vgl.
1112 2489 1207 2526 Einl.
1234 2494 1265 2533 ἓ.
1292 2494 1347 2526 24.

999 2583 1003 2585 -
1049 2560 1081 2592 3.
1131 2557 1233 2600 fama
1256 2556 1329 2599 sui,
1354 2555 1425 2590 wie
1452 2559 1483 2600 1,
1513 2558 1556 2590 14
1580 2555 1744 2591 deminu-

1001 2605 1134 2640 tionem
1157 2604 1227 2639 sui.
1272 2606 1305 2647 3,
1326 2607 1369 2638 67
1396 2602 1556 2646 defensio
1567 2603 1637 2638 sui.
1686 2605 1743 2648 11,

1001 2654 1047 2686 24
1072 2652 1237 2686 conditor
1261 2649 1390 2685 nostri.

1047 2714 1079 2747 5.
1123 2710 1228 2745 iocos.
1279 2707 1434 2744 Scherze
1459 2707 1626 2742 konnten
1649 2705 1746 2743 nach
1789 2704 1794 2739 ἱ

1000 2759 1085 2794 dem
1136 2756 1341 2792 Charakter
1390 2755 1454 2790 des
1504 2753 1744 2790 Germanicus
1790 2759 1794 2800 ,ἲ

999 2804 1106 2841 nicht
1130 2803 1186 2839 oft
1208 2802 1467 2846 vorkommen3
1495 2800 1584 2837 aber
1607 2801 1745 2847 geraudo
1784 2802 1794 2851 ξ

1000 2851 1086 2888 weil
1112 2850 1165 2887 sie
1197 2849 1316 2885 selten
1340 2860 1482 2894 waren,
1507 2848 1665 2884 wirkten
1690 2845 1745 2884 sie
1786 2854 1794 2887 ἒ

1002 2896 1275 2935 aufmunternd.
