1820 3100
567 112 712 150 LIBER
727 113 791 150 1V.
834 111 937 148 CAP.
958 115 1109 149 69-71,

1539 111 1626 154 247

66 224 150 267 bat.
220 238 298 267 nec
337 237 456 266 mora
499 222 600 278 quin
642 222 955 276 decerneretur3
997 222 1041 262 et
1083 219 1337 262 trahebatur
1383 218 1626 275 damnatus,

66 285 274 339 quantum
318 282 503 326 obducta
544 283 663 324 veste
707 283 751 323 et
800 279 1018 323 adstrictis
1061 279 1258 321 faucibus
1308 278 1391 321 niti
1442 280 1625 335 poterat,
1650 289 1673 322 5

65 343 292 385 clamitans
318 342 380 384 sic
404 341 599 384 inchoari
624 354 796 395 annum,
820 339 899 382 has
925 337 1079 381 Seiano
1105 338 1306 380 victimas
1333 337 1496 380 cadere.
1540 352 1624 394 quo

64 401 320 444 intendisset
351 401 514 456 oculos,
546 414 630 455 quo
662 399 793 442 verba
824 398 1082 453 acciderent,
1114 397 1218 453 fuga
1248 397 1455 452 vastitas,
1487 397 1627 439 deseri

63 460 220 504 itinera
249 461 354 504 fora.
409 462 452 502 et
477 459 650 516 quidam
681 458 1033 514 regrediebantur
1063 456 1428 512 ostentabantque
1459 470 1504 498 se
1535 471 1625 498 rur-

63 534 178 576 sum,
218 520 262 562 id
300 520 442 575 ipsum
478 520 684 575 paventes
725 517 840 573 quod
878 516 1135 559 timuissent.
1197 530 1325 572 quem
1365 515 1480 557 enim
1511 515 1625 558 diem

62 593 244 622 vacuum
281 593 436 634 poena,
473 578 551 620 ubi
586 577 699 619 inter
736 591 856 619 sacra
894 578 938 618 et
968 578 1087 631 vota,
1126 590 1210 631 quo
1247 577 1442 631 tempore
1479 575 1622 617 verbis
1650 585 1697 618 10

61 638 194 680 etiam
219 637 413 694 profanis
445 637 653 680 abstineri
683 651 777 679 mos
810 638 935 691 esset,
966 635 1109 678 vincla
1140 637 1184 676 et
1214 635 1391 689 laqueus
1422 634 1625 677 inducan-

60 697 161 740 tur?
195 711 307 750 ,non
336 697 637 753 inprudentem
668 695 890 738 Tiberium
921 697 1088 737 tantam
1122 693 1329 736 invidiam
1360 693 1518 750 adisse,
1551 693 1626 736 sed

60 757 304 811 quaesitum
359 755 716 811 meditatumque‚
771 769 824 797 ne
876 753 975 810 quid
1032 753 1240 809 impedire
1291 753 1490 795 credatur
1539 767 1624 809 quo

62 815 205 858 minus
236 816 338 858 novi
369 815 663 871 magistratus,
696 829 780 871 quo
811 813 939 856 modo
971 813 1148 856 delubra
1179 816 1222 855 et
1248 812 1417 867 altaria,
1444 812 1506 855 sic
1532 826 1625 854 car-

59 889 200 917 cerem
238 875 471 918 recludant.
522 876 692 917 secutae
723 874 899 929 insuper
929 873 1101 915 litterae
1132 874 1278 927 grates
1304 871 1486 927 agentis,
1511 871 1624 927 quod
1651 881 1696 914 15

58 933 276 976 hominem
314 933 530 976 infensum
560 933 624 975 rei
655 933 853 988 publicae
883 932 1172 988 punivissent,
1210 930 1376 974 adiecto
1408 930 1624 986 trepidam

58 993 142 1036 sibi
166 994 314 1049 vitam,
339 995 559 1049 suspectas
584 993 856 1035 inimicorum
881 991 1073 1046 insidias,
1098 990 1217 1033 nullo
1242 990 1500 1032 nominatim
1526 1004 1623 1032 con-

57 1052 239 1107 pellato3
270 1067 407 1108 neque
448 1055 594 1094 tamen
625 1051 904 1094 dubitabatur
934 1051 981 1092 in
1012 1049 1231 1093 Neronem
1263 1052 1306 1091 et
1336 1049 1624 1106 Agrippinam

56 1111 235 1155 intendi.

176 1170 237 1213 Ni
267 1170 375 1213 mihi
401 1170 661 1213 destinatum
685 1169 799 1213 foret
826 1183 949 1212 suum
974 1182 1166 1224 quaeque
1190 1168 1235 1210 in
1262 1182 1425 1211 annum
1449 1167 1623 1223 referre,
1638 1169 1692 1212 71

56 1230 214 1272 avebat
246 1230 415 1272 animus
453 1230 592 1272 antire
631 1229 863 1285 statimque
899 1242 1137 1270 memorare
1169 1227 1327 1282 exitus,
1366 1241 1473 1284 quos
1505 1226 1622 1269 Lati-

56 1289 153 1331 nius
198 1291 325 1345 atque
363 1289 520 1345 Opsius
558 1289 773 1344 ceterique
815 1288 973 1343 flagitii
1010 1287 1101 1329 eius
1138 1288 1381 1341 repertores
1418 1286 1621 1342 habuere,

54 1362 143 1391 non
183 1349 311 1392 modo
343 1350 573 1405 postquam
605 1347 739 1390 Gaius
771 1346 931 1391 Caesar
963 1360 1107 1389 rerum
1137 1345 1302 1401 potitus
1335 1347 1420 1397 est,
1452 1345 1527 1387 sed
1558 1346 1620 1387 in-

55 1408 218 1450 columi
259 1407 452 1460 Tiberio,
493 1411 566 1463 qui
607 1407 815 1450 scelerum
858 1406 1080 1448 ministros
1121 1407 1170 1447 ut
1209 1405 1397 1460 perverti
1429 1405 1483 1446 ab
1522 1404 1618 1447 aliis
1646 1417 1669 1450 5

54 1467 251 1522 nolebat,
282 1468 345 1509 ita
374 1467 630 1522 plerumque
662 1466 844 1508 satiatus
877 1467 921 1507 et
952 1465 1111 1507 oblatis
1149 1465 1194 1507 in
1234 1464 1412 1506 eandem
1445 1477 1621 1519 operam

53 1527 299 1568 recentibus
342 1528 507 1568 veteres
552 1529 596 1568 et
638 1539 896 1581 praegraves
942 1524 1128 1580 adflixit3
1177 1538 1324 1566 verum
1367 1523 1447 1565 has
1492 1525 1621 1578 atque

52 1585 162 1628 alias
195 1586 386 1628 sontium
417 1600 579 1641 poenas
610 1585 656 1626 in
686 1587 882 1640 tempore
913 1584 1145 1626 trademus.
1205 1584 1298 1624 tum
1330 1582 1495 1625 censuit
1525 1582 1621 1624 Asi-

52 1644 151 1687 nius
183 1644 345 1699 Gallus,
377 1644 498 1687 cuius
528 1644 764 1687 liberorum
795 1642 1041 1700 Agrippina
1070 1645 1302 1685 matertera
1333 1643 1437 1697 erat,
1467 1644 1612 1697 peten-

52 1703 156 1747 dum
187 1719 213 1747 a
243 1704 438 1760 principe
476 1706 526 1746 ut
566 1706 707 1746 metus
749 1717 849 1746 suos
893 1702 1062 1746 senatui
1098 1702 1308 1744 fateretur
1346 1701 1619 1756 amoverique

51 1763 222 1806 sineret.
276 1764 439 1806 nullam
476 1777 608 1819 aeque
639 1763 851 1818 Tiberius,
880 1766 930 1805 ut
960 1763 1148 1817 rebatur,
1179 1775 1230 1804 ex
1261 1761 1496 1803 virtutibus
1529 1760 1618 1803 suis

100 1906 133 1938 5.
178 1903 366 1938 adstrictis
384 1903 566 1946 faucibus.
605 1902 680 1937 Der
698 1903 796 1937 Hen-

52 1949 121 1985 ker
139 1950 207 1985 hat
224 1949 303 1984 ihm
321 1949 424 1985 beim
438 1950 668 1995 Wegffihren
684 1950 796 1984 sehon

54 1997 127 2032 den
147 1995 283 2042 Strick,
308 1997 378 2032 mit
396 1997 481 2032 dem
500 2007 539 2032 er
563 1996 615 2031 im
635 1995 798 2042 Gesang-

51 2044 152 2080 nisse
190 2044 388 2080 erdrosselt
426 2044 572 2079 werden
611 2043 698 2088 soll,
735 2054 800 2078 um

51 2091 125 2127 den
154 2090 246 2126 Hals
278 2091 415 2137 gelcgt.
456 2111 501 2118 —
538 2090 609 2126 Dio
645 2091 799 2134 erzahlt,

51 2138 113 2174 die
138 2139 275 2175 Leiche
307 2139 371 2174 des
400 2137 558 2174 Sabinus
591 2137 645 2173 sei
674 2139 714 2174 in
739 2138 800 2173 die

50 2185 164 2222 'siber
180 2186 369 2232 geworfen
387 2186 464 2221 und
484 2186 563 2222 sein
582 2186 706 2230 Hund,
733 2185 800 2221 der

51 2233 131 2269 ihm
156 2233 271 2269 dahin
303 2232 466 2280 gesolgt‚
505 2232 559 2269 sei
583 2233 663 2268 ihm
687 2233 799 2269 nach-

49 2292 299 2327 gesprungen.

101 2338 133 2369 6.
177 2344 247 2380 quo
265 2334 477 2370 intendisset
495 2337 554 2371 ott.
600 2324 701 2369 Uber
726 2335 798 2371 den

51 2380 283 2426 Konjunktiv
308 2394 336 2417 s.
362 2380 461 2418 Einl.
487 2385 517 2424 ἓ.
543 2384 600 2417 85.

102 2444 156 2476 12.
182 2451 258 2476 non
277 2441 530 2486 inprudentem
549 2440 680 2485 „nicht
698 2441 795 2477 ohne

50 2487 244 2524 Absieffi‘e

102 2544 157 2577 16.
196 2541 335 2576 adiecto
359 2539 411 2576 ist
435 2540 490 2575 als
515 2540 705 2577 absoluter
722 2541 796 2576 Ab·

51 2587 146 2623 lativ
177 2584 243 2623 ἅπ.
270 2586 349 2632 εἰει,
380 2588 477 2623 nach
508 2587 692 2634 Analogie
722 2599 796 2624 von

50 2635 189 2680 add-ito,
203 2635 362 2670 welches
375 2634 525 2670 Tacitus
536 2635 615 2670 vier
627 2635 704 2671 Mal
717 2635 795 2672 hat.

101 2697 157 2730 19.
204 2694 356 2729 intendi.
408 2685 508 2729 Uber
533 2693 606 2728 den
630 2693 796 2729 infinitiv

53 2741 150 2775 nach
192 2740 264 2776 den
306 2741 510 2787 negativen
551 2741 797 2777 Ausdrficken

53 2787 118 2822 des
144 2788 339 2823 Zweifelns
365 2800 393 2825 s.
419 2788 516 2824 Einl.
543 2792 573 2831 §-
601 2791 656 2823 80.

102 2845 165 2882 71.
202 2851 235 2884 2.
267 2847 404 2883 avebat.
437 2847 513 2882 Der
525 2846 714 2883 Indikativ
728 2846 793 2882 des

51 2891 201 2938 Imperf.
233 2894 448 2930 bezeichnet
484 2894 544 2930 die
575 2894 632 2930 bis
662 2894 703 2929 in
733 2895 793 2930 die

871 1902 1097 1948 Gegenwart
1125 1900 1458 1936 hineinreichende
1488 1900 1618 1935 Hand-

870 1950 979 1994 1ung,
1005 1959 1081 1984 was
1106 1949 1242 1983 hochst
1274 1947 1393 1983 selten
1418 1946 1480 1982 ist.
1531 1946 1617 1992 Vgl.

871 1995 944 2033 Cic.
979 1996 1024 2031 de
1057 1995 1117 2031 off.
1150 1999 1189 2040 2,
1230 1999 1289 2039 19,
1328 1998 1372 2030 67
1404 1995 1620 2030 admonebat

871 2055 924 2079 me
955 2054 1013 2079 ‘res
1048 2046 1090 2078 ut
1119 2044 1185 2078 hoe
1221 2053 1360 2088 quoque
1394 2042 1469 2077 loeo
1506 2043 1618 2078 inter-

870 2091 1075 2127 missionem
1111 2090 1334 2136 eloquentiae
1363 2109 1410 2115 —
1453 2089 1619 2134 deplora-

870 2150 962 2182 rem,
987 2139 1030 2174 ni
1053 2148 1191 2174 vererer
1221 2148 1266 2173 ne
1289 2138 1334 2173 de
1364 2148 1419 2172 me
1442 2137 1523 2181 ipso
1548 2137 1617 2172 ali-

870 2187 961 2231 quid
984 2186 1126 2222 viderer
1149 2186 1263 2231 queri.
1314 2183 1351 2219 S.
1370 2183 1526 2230 Madvig
1550 2183 1617 2221 lat.

871 2233 1035 2268 Gramm.
1062 2236 1094 2276 ξ.
1121 2236 1202 2277 348,
1227 2232 1263 2270 b.

917 2296 951 2328 4.
976 2292 1152 2328 incolumi
1171 2291 1327 2327 Tiberio.
1353 2290 1443 2326 Dies
1457 2289 1529 2337 gilt
1548 2303 1619 2326 nur

870 2350 943 2375 von
968 2339 1152 2381 Latiaris,
1185 2339 1250 2374 der
1279 2338 1333 2374 im
1357 2338 1390 2374 J.
1412 2342 1456 2374 32
1488 2348 1618 2373 verut-

868 2388 956 2423 teilt
979 2387 1083 2423 wird.
1134 2387 1217 2433 Vgl.
1245 2391 1277 2430 6,
1303 2389 1337 2421 4.

918 2450 949 2482 7.
988 2446 1207 2492 praegravis
1231 2445 1328 2480 auch
1352 2445 1388 2479 h.
1408 2448 1442 2489 2,
1468 2448 1513 2479 21
1540 2444 1617 2478 und

869 2494 949 2530 Liv.
976 2497 1034 2538 44,
1060 2498 1092 2537 4,
1121 2496 1175 2528 10.

918 2556 951 2587 8.
1000 2544 1101 2587 Uber
1119 2551 1277 2587 Asinius
1296 2562 1323 2585 s.
1345 2554 1376 2594 1,
1399 2553 1442 2584 12
1462 2549 1537 2584 und
1559 2552 1614 2584 13.

868 2599 918 2634 Er
946 2599 1053 2634 hatte
1085 2598 1145 2634 die
1170 2597 1366 2643 Vipsania,
1407 2596 1617 2632 Schwester

869 2646 934 2682 der
958 2645 1166 2691 Agrippina
1190 2644 1268 2680 und
1293 2643 1391 2680 eiust
1417 2642 1615 2679 Gemahlin

869 2695 934 2729 des
965 2692 1153 2737 Tiberius,
1191 2691 1418 2738 geheiratet3
1457 2690 1615 2736 folglich

867 2752 945 2776 war
981 2740 1190 2786 Agrippina
1232 2738 1294 2774 die
1330 2739 1450 2774 Tante
1493 2737 1615 2774 seiner

867 2788 1009 2824 Kinder
1034 2788 1124 2823 oder
1148 2787 1249 2823 seine
1275 2785 1539 2831 Schwiegerin.

916 2849 971 2880 11.
1020 2849 1062 2882 ut
1084 2846 1234 2881 rebatur
1258 2845 1389 2890 „seine
1414 2844 1613 2881 vermeint-

865 2893 1025 2930 lichen“.
1063 2892 1114 2928 Er
1133 2893 1274 2929 konnte
1296 2904 1332 2929 es
1352 2891 1457 2928 nicht
1475 2892 1612 2938 leiden,

1646 1717 1692 1750 10
