1806 3094
120 1684 175 1726 37

197 102 281 144 116

195 225 382 254 noscere.

627 103 855 141 CORNELII
882 103 1046 141 ΤΑΟΙΤΙ
1068 103 1327 142 ANNALIUM

444 211 559 267 Piso,
590 227 847 269 quamquam
880 212 1099 255 afuturum
1132 228 1176 255 se
1208 213 1374 255 dixerat
1405 212 1583 268 Caesar,
1615 214 1670 257 ob
1701 213 1746 256 id

193 271 334 326 magis
359 271 547 326 agendas
573 273 774 314 censebat
798 274 847 313 ut
872 272 1049 314 absente
1073 272 1265 327 principe
1291 275 1489 315 senatum
1514 275 1558 315 et
1582 273 1747 328 equites

146 339 168 371 5
192 343 320 384 posse
352 343 431 372 sua
462 331 608 372 munia
638 331 846 372 sustinere
878 331 1078 374 decorum
1103 331 1167 373 rei
1190 331 1387 386 publicae
1409 331 1533 374 foret.
1582 330 1748 387 Gallus,

195 388 297 443 quia
336 389 518 444 speciem
556 389 773 432 libertatis
805 389 904 432 Piso
941 393 1234 446 praeceperat,
1271 390 1381 432 nihil
1420 391 1525 433 satis
1563 390 1747 433 inlustre

196 449 271 489 aut
301 461 352 489 ex
383 447 592 503 dignitate
622 448 770 503 populi
795 447 980 491 Romani
1010 449 1096 490 nisi
1127 463 1270 491 coram
1303 451 1345 491 et
1377 450 1456 491 sub
1482 449 1616 492 oculis
1643 448 1746 492 Cae-

195 505 320 559 saris,
359 521 492 562 eoque
531 510 787 549 conventum
817 507 970 550 Italiae
1008 510 1051 549 et
1087 507 1315 550 adfluentis
1351 508 1594 563 provincias
1627 523 1747 563 prae-

195 565 358 607 sentiae
384 566 474 608 eius
501 566 709 608 servanda
734 566 915 609 dicebat.
971 567 1165 609 audiente
1189 567 1295 609 haec
1321 566 1492 609 Tiberio
1519 581 1568 609 ac
1593 568 1746 610 silente

125 633 168 666 10
195 624 364 680 magnis
395 625 612 680 utrimque
643 626 988 668 contentionibus
1021 627 1137 680 acta,
1170 626 1243 668 sed
1274 640 1342 667 res
1375 626 1545 668 dilatae.

120 682 177 725 36

310 682 371 725 Et
401 686 616 726 certamen
644 683 770 727 Gallo
803 685 1005 727 adversus
1033 684 1261 728 Caesarem
1293 688 1487 727 exortum
1519 687 1595 727 est.
1644 699 1745 727 nam

194 742 361 784 censuit
385 742 429 783 in
456 743 792 798 quinquennium
820 744 1153 800 magistratuum
1179 743 1356 787 comitia
1379 744 1590 798 habenda,
1614 746 1745 798 utque

191 801 409 856 legionum
446 802 598 857 legati,
635 803 707 857 qui
745 805 844 845 ante
881 805 1124 858 praeturam
1162 817 1212 844 ea
1249 803 1405 845 militia
1441 803 1745 858 fungebantur,

191 859 278 901 iam
303 863 395 901 tum
420 863 639 915 praetores
666 861 991 916 destinarentur,
1021 863 1218 917 princeps
1244 862 1464 904 duodecim
1492 861 1744 904 candidatos

147 928 168 960 5
193 918 236 959 in
269 933 404 960 annos
437 919 628 975 singulos
660 921 911 963 nominaret.
971 920 1086 962 haud
1119 920 1295 962 dubium
1327 924 1420 962 erat
1450 935 1544 962 eam
1576 923 1743 962 senten-

192 978 299 1018 tiam
341 978 471 1019 altius
513 980 737 1033 penetrare
778 981 820 1020 et
860 993 1016 1021 arcana
1056 979 1226 1034 imperii
1265 979 1480 1034 temptari.

1547 978 1743 1021 Tiberius

191 1038 349 1090 tamen,
381 1037 503 1092 quasi
535 1040 765 1092 augeretur
794 1042 989 1093 potestas
1015 1039 1118 1092 eius,
1149 1038 1365 1097 disseruit:
1397 1052 1526 1093 grave
1551 1038 1744 1080 modera-

192 1095 303 1138 tioni
341 1110 442 1138 suae
479 1098 547 1138 tot
584 1097 758 1153 eligere,
799 1100 866 1139 tot
906 1097 1087 1139 differre.
1147 1098 1219 1139 vix
1258 1111 1335 1152 per
1374 1097 1567 1152 singulos
1608 1111 1742 1139 annos

194 1154 451 1197 offensiones
489 1155 634 1211 vitari,
672 1157 868 1211 quamvis
907 1156 1124 1211 repulsam
1163 1156 1404 1211 propinqua
1436 1170 1532 1211 spes
1565 1156 1744 1198 soletur:

124 1224 168 1256 10
195 1216 404 1268 quantum
436 1214 524 1256 odii
555 1214 646 1256 fore
678 1215 732 1256 ab
765 1215 818 1257 iis
850 1216 922 1271 qui
946 1216 1061 1257 ultra
1086 1215 1421 1270 quinquennium
1451 1214 1744 1270 proiciantur?

192 1272 304 1314 unde
341 1273 527 1328 prospici
566 1281 691 1328 posse
729 1288 837 1328 quae
874 1275 1024 1329 cuique
1059 1276 1150 1316 tam
1187 1274 1318 1330 longo
1356 1273 1562 1330 temporis
1601 1274 1741 1329 spatio

191 1345 326 1388 mens,
358 1332 521 1386 domus,
552 1332 755 1375 fortuna?
816 1333 1037 1391 superbire
1069 1333 1266 1376 homines
1299 1333 1430 1375 etiam
1462 1347 1606 1375 annua.
1637 1332 1744 1375 desi-

193 1390 415 1446 gnatione:
455 1391 555 1446 quid
588 1392 623 1433 si
654 1391 860 1434 honorem
891 1406 968 1447 per
998 1393 1336 1447 quinquennium
1367 1391 1562 1447 agitent?
1624 1392 1744 1447 quin-

193 1449 419 1504 quiplicari
449 1465 624 1505 prorsus
657 1451 948 1506 magistratus,
980 1451 1170 1493 subverti
1200 1452 1329 1507 leges,
1361 1465 1468 1506 quae
1501 1465 1578 1493 sua
1603 1450 1745 1506 spatia

123 1517 167 1550 15
192 1509 450 1551 exercendae
482 1509 807 1552 candidatorum
840 1510 1075 1552 industriae
1102 1510 1437 1565 quaerendisque
1469 1512 1545 1551 aut
1573 1509 1744 1565 potiun-

193 1566 256 1608 dis
295 1567 530 1610 honoribus
571 1569 810 1611 statuerint.
871 1569 1103 1611 favorabili
1139 1570 1186 1610 in
1218 1569 1402 1624 speciem
1433 1568 1625 1610 oratione
1656 1568 1743 1610 vim

190 1626 361 1681 imperii
392 1626 540 1669 tenuit.

309 1683 555 1740 Censusque
581 1686 848 1741 quorundam
876 1688 1122 1728 senatorum
1147 1686 1268 1728 iuvit.
1313 1700 1396 1752 quo
1423 1686 1560 1741 magis
1587 1686 1743 1728 mirum

189 1740 273 1785 fuit
305 1744 417 1799 quod
447 1759 595 1799 preces
627 1744 760 1787 Marci
791 1745 980 1799 Hortali,
1011 1745 1169 1787 nobilis
1200 1745 1385 1799 iuvenis,
1416 1744 1462 1786 in
1491 1746 1743 1800 paupertate

190 1804 420 1845 manifesta
452 1804 678 1859 superbius
711 1804 957 1859 accepisset.
1007 1819 1139 1859 nepos
1172 1806 1262 1845 erat
1293 1804 1477 1846 oratoris
1509 1802 1744 1857 Hortensii,

239 1935 270 1967 7.
295 1932 361 1966 sub
387 1932 511 1975 oculis,
537 1932 607 1966 wie
629 1931 708 1967 Cas.
727 1931 762 1966 b.
783 1943 819 1977 g.
835 1935 867 1976 5,
885 1936 928 1967 16

189 1979 255 2013 sub
275 1978 388 2014 oculis
406 1981 576 2014 omnium.
601 1978 679 2014 Liv.
692 1983 749 2023 22,
761 1982 807 2014 14
816 1979 929 2015 hostes

189 2026 255 2061 sub
280 2026 395 2061 oculis
419 2029 532 2061 erant.

238 2076 270 2108 9.
296 2073 381 2108 haec
405 2073 456 2108 ist
478 2072 513 2107 N
516 2072 706 2108 ominativ.

240 2123 293 2155 10.
331 2121 468 2156 dilatae
504 2132 573 2155 nur
609 2131 672 2155 zur
707 2120 927 2156 Abwechse-

189 2165 281 2211 lung
306 2168 401 2202 statt
422 2168 598 2211 prolatae.

238 2213 302 2249 36.
341 2218 373 2248 2.
415 2214 467 2248 Er
506 2215 678 2260 verlangt
715 2213 813 2259 also,
849 2214 929 2249 dass

191 2261 388 2295 s'amtliche
427 2260 566 2296 11611818
603 2261 756 2297 Beamte
798 2262 930 2297 immer

190 2307 258 2342 auf
279 2313 299 2343 5
319 2307 434 2343 Jahre
457 2319 591 2343 voi-aus
617 2308 822 2353 designiert
840 2320 929 2343 wer-

191 2355 273 2390 den.
317 2357 436 2400 utque,
463 2367 489 2390 s.
511 2355 605 2390 Einl.
626 2359 656 2398 ἓ.
679 2358 756 2399 119,
778 2358 832 2390 11.

238 2405 271 2437 4.
297 2402 371 2437 iam
390 2405 478 2446 tum,
499 2402 661 2437 namlich
679 2403 855 2438 wahl-end
875 2402 928 2438 sie

190 2460 234 2483 zu
253 2449 419 2494 Legaten
445 2450 604 2485 ernannt
621 2452 755 2485 waren.
776 2470 821 2475 —-
840 2451 927 2485 duo-

190 2497 321 2539 decim,
353 2506 531 2541 wogegen
563 2508 602 2531 er
631 2496 756 2532 bisher
787 2498 840 2542 (1,
869 2498 928 2542 15)

191 2555 261 2578 nur
281 2543 339 2589 je„
345 2544 423 2578 vier
448 2543 652 2588 designiert
675 2543 790 2581 hatte.

240 2594 271 2626 5.
315 2582 416 2625 Uber
457 2592 557 2626 haud
599 2591 749 2626 dubium
785 2594 863 2627 erat
899 2603 926 2626 s.

191 2636 286 2673 Einl.
308 2641 339 2679 ἓ.
360 2641 416 2672 80.

240 2688 271 2719 6.
311 2695 450 2720 arcana
485 2685 649 2730 imperii,
685 2685 755 2720 wie
793 2697 847 2730 cp.
882 2689 926 2721 59

192 2731 451 2767 dominationis
482 2743 638 2775 areana,
672 2731 755 2767 sind
781 2732 840 2767 die
865 2743 928 2778 ge-

191 2777 339 2812 heimen
362 2777 573 2823 Prinzipien
605 2779 671 2814 der
701 2779 925 2824 Monarchie,

191 2822 273 2859 hier
298 2824 377 2859 also
410 2825 468 2861 die
501 2825 671 2861 absolute
696 2826 859 2861 Willkur
890 2827 928 2862 in

192 2870 255 2907 der
292 2871 572 2908 Beamtenwahl
608 2873 683 2908 und
720 2873 779 2908 die
816 2873 928 2909 Treu-

1001 1943 1103 1977 nung
1145 1931 1210 1966 der
1247 1930 1364 1966 Civil-
1408 1930 1484 1966 und
1519 1929 1743 1967 Militffirver—

1001 1979 1179 2023 waltung.

1049 2029 1081 2060 8.
1119 2026 1266 2069 differre
1302 2025 1373 2060 mit
1407 2023 1569 2070 personl.
1604 2024 1745 2071 Objekt

1001 2074 1097 2108 auch
1114 2073 1151 2107 h.
1166 2076 1199 2116 2,
1215 2076 1257 2107 ’71
1278 2072 1354 2107 und
1373 2071 1445 2107 Cio.
1462 2071 1550 2107 fam.
1564 2077 1597 2116 5,
1614 2076 1668 2116 12,
1686 2075 1742 2108 10.

1050 2123 1104 2155 10.
1143 2120 1307 2164 proicere
1344 2119 1409 2154 der
1445 2118 1742 2165 Abweehselung

1000 2177 1129 2212 wegen
1155 2168 1249 2202 statt
1273 2167 1431 2218 differre.

1051 2218 1104 2249 13.
1138 2214 1278 2258 ayitare
1309 2213 1360 2247 im
1393 2213 1504 2248 Sinne
1535 2212 1668 2249 haben.
1696 2233 1741 2239 —

1001 2261 1294 2307 quinquiplicare
1317 2260 1367 2295 ist
1392 2256 1456 2295 ἅπ.
1484 2258 1550 2304 εἰρ.

1051 2312 1105 2344 14.
1137 2306 1401 2352 zeyes,indem
1426 2318 1512 2342 man
1521 2273 1644 2342 Gbuter
1668 2307 1741 2343 den

1000 2355 1157 2391 Kaisern
1175 2354 1235 2389 die
1255 2353 1415 2396 Quastur
1433 2353 1538 2388 nicht
1562 2365 1630 2390 vor
1654 2354 1739 2390 dem

1000 2406 1055 2439 25.
1071 2400 1329 2449 Lebensjahre,
1345 2400 1404 2435 die
1418 2401 1616 2446 folgenden
1629 2400 1738 2437 kuru·

999 2450 1141 2485 lischen
1176 2440 1306 2483 Kmter
1346 2448 1482 2492 jedoch
1524 2448 1620 2484 nach
1662 2448 1738 2484 ein-

995 2496 1183 2542 jahrigem
1227 2494 1526 2530 Zwischenraum
1569 2495 1739 2531 erhalten

999 2543 1149 2579 konnte.

1049 2594 1103 2625 16.
1133 2589 1366 2632 favorabilis,
1399 2588 1520 2623 zuerst
1549 2588 1611 2623 bei
1641 2587 1738 2624 Vell.

999 2642 1032 2681 2,
1057 2640 1112 2672 34.
1140 2639 1196 2680 40,
1229 2635 1327 2670 dann
1353 2635 1450 2671 &fter
1473 2634 1525 2670 im
1550 2634 1738 2671 silbernen

998 2682 1142 2720 Latein.

1045 2731 1108 2766 37.
1136 2733 1166 2764 1.
1192 2728 1299 2763 Auch
1318 2727 1508 2774 Augustus
1533 2728 1637 2764 hatte
1660 2728 1740 2764 ein·

1000 2779 1102 2814 zelne
1129 2777 1332 2812 Senatoren
1356 2776 1592 2820 unterstfitzt‚
1619 2775 1738 2811 damit

1000 2826 1052 2862 sie
1083 2825 1155 2860 den
1185 2821 1322 2858 Census
1355 2833 1427 2858 von
1461 2823 1562 2857 einer
1592 2821 1737 2859 Minion

1000 2872 1215 2908 erreichten.
