1820 3100
209 88 299 131 204

641 88 872 126 CORNELII
896 89 1058 127 TACITI
1082 90 1343 127 ANNALIUM

1816 128 1820 146 ζ

1816 160 1820 170 Ι

210 197 299 239 rari
330 211 406 252 per
436 196 609 239 Italiam
642 196 839 241 Caesaris
870 198 982 254 agri,
1014 198 1211 241 modesta
1242 198 1430 254 servitia,
1461 199 1577 241 intra
1606 212 1766 255 paucos

211 255 392 298 libertos
424 256 593 311 domus3
625 271 674 299 ac
707 257 743 299 si
776 257 946 312 quando
978 271 1075 299 cum
1106 257 1287 312 privatis
1320 257 1596 313 disceptaret,
1626 257 1768 301 forum

211 316 254 356 et
278 314 358 357 ius.

330 372 446 422 Quae
479 375 632 415 cuncta
660 388 749 416 non
781 373 951 429 quidem
983 374 1094 416 comi
1125 375 1213 429 via,
1249 375 1323 416 sed
1359 374 1560 417 horridus
1599 390 1649 418 ac
1678 375 1770 431 ple·

210 446 390 487 rumque
420 432 692 486 formidatus,
729 433 944 475 retinebat
979 435 1144 488 tamen,
1187 433 1319 475 donec
1350 436 1487 476 morte
1518 433 1651 476 Drusi
1680 448 1772 477 ver-

210 492 414 534 terentur.
463 506 564 532 nam
591 491 691 533 dum
718 491 941 546 superfuit,
968 506 1183 547 mansere,
1207 493 1307 547 quia
1333 491 1513 535 Seianus
1538 492 1769 548 incipiente

211 548 349 591 adhuc
373 550 569 604 potentia
593 550 719 592 bonis
746 550 936 592 consiliis
962 553 1184 592 notescere
1209 551 1382 593 volebat
1407 554 1450 593 et
1474 551 1590 594 ultor
1608 554 1770 594 metue-

164 617 185 649 ὅ
213 607 340 649 batur
382 623 469 650 non
512 609 707 650 occultus
752 608 857 663 odii,
902 608 976 650 sed
1019 609 1167 651 crebro
1212 624 1391 664 querens
1435 610 1639 652 incolumi
1681 610 1770 654 filio

212 666 451 708 adiutorem
494 667 663 721 imperii
707 667 840 708 alium
883 668 1038 710 vocari.
1101 670 1143 710 et
1193 671 1399 722 quantum
1450 683 1672 724 superesse
1721 671 1771 712 ut

212 725 376 780 collega
419 725 617 767 dicatur?
678 726 840 781 primas
884 726 1134 768 dominandi
1175 741 1271 780 spes
1311 727 1357 769 in
1398 727 1549 783 arduo3
1592 728 1667 770 ubi
1710 728 1769 771 sis

210 783 450 838 ingressus,
488 784 637 826 adesse
677 784 821 826 studia
859 787 903 826 et
940 784 1176 827 ministros.

1239 788 1455 828 exstructa
1492 787 1579 828 iam
1617 790 1770 842 sponte

210 842 419 896 praefecti
449 844 611 893 castra,
649 843 772 885 datos
810 843 856 884 in
886 857 1062 884 manum
1094 844 1274 897 milites,
1313 844 1429 886 cerni
1459 844 1648 899 effigiem
1679 846 1770 888 eius

142 909 185 941 10
210 901 255 942 in
286 901 560 943 monimentis
587 899 664 943 Cn.
690 901 879 956 Pompei,
911 916 1159 944 communes
1190 902 1258 944 illi
1289 917 1386 944 cum
1417 903 1583 944 familia
1612 902 1773 947 Druso-

211 974 307 1001 rum
338 959 429 1002 fore
461 962 653 1015 nepotes.
715 960 974 1015 precandam
1005 963 1105 1015 post
1140 961 1246 1003 haec
1283 961 1554 1016 modestiam,
1590 964 1640 1004 ut
1675 976 1773 1005 con-

211 1020 355 1060 tentus
386 1022 512 1061 esset.
560 1033 698 1074 neque
728 1033 828 1061 raro
859 1033 997 1074 neque
1029 1019 1142 1074 apud
1171 1034 1332 1074 paucos
1363 1020 1471 1062 talia
1501 1021 1697 1076 iaciebat,
1728 1023 1771 1063 et

213 1080 376 1119 secreta
408 1092 575 1132 quoque
607 1078 698 1120 eius
731 1081 934 1132 corrupta
963 1092 1095 1120 uxore
1126 1079 1428 1133 prodebantur.

329 1135 470 1191 Igitur
507 1136 686 1179 Seianus
724 1136 1026 1178 maturandum
1062 1139 1182 1179 ratus
1223 1137 1376 1194 deligit
1415 1152 1644 1191 venenum,
1686 1152 1769 1193 quo

211 1194 422 1249 paulatim
453 1195 673 1250 inrepente
703 1195 908 1237 fortuitus
941 1196 1117 1238 morbus
1149 1196 1492 1239 adsimularetur.
1546 1196 1597 1239 Id
1627 1196 1770 1240 Druso

213 1252 360 1295 datum
391 1268 468 1308 per
498 1253 697 1310 Lygdum
728 1254 981 1310 spadonem,
1018 1257 1067 1296 ut
1103 1258 1200 1297 octo
1237 1258 1338 1310 post
1376 1270 1512 1298 annos
1544 1256 1766 1311 cognitum

213 1314 290 1354 est.
352 1315 541 1355 ceterum
573 1312 773 1355 Tiberius
805 1327 880 1368 per
912 1327 1061 1355 omnes
1092 1313 1353 1356 valetudinis
1386 1314 1476 1356 eius
1508 1314 1618 1369 dies,
1646 1314 1768 1357 nullo

164 1378 186 1410 5
212 1373 332 1412 metu
374 1386 430 1413 an
471 1374 521 1413 ut
561 1372 873 1414 firmitudinem
917 1373 1048 1414 animi
1091 1375 1348 1428 ostentaret,
1398 1373 1528 1415 etiam
1572 1373 1770 1416 defuncto

212 1430 391 1471 necdum
424 1431 612 1485 sepulto,
650 1431 814 1472 curiam
845 1432 1064 1486 ingressus
1097 1434 1173 1474 est.
1235 1432 1514 1488 consulesque
1553 1431 1652 1474 sede
1681 1432 1771 1475 vul-

212 1488 306 1543 gari
331 1502 408 1543 per
433 1489 620 1544 speciem
646 1489 888 1531 maestitiae
914 1490 1107 1531 sedentes
1133 1490 1312 1533 honoris
1343 1491 1511 1545 locique
1537 1491 1773 1546 admonuit,

211 1548 255 1588 et
285 1547 467 1588 effusum
497 1547 542 1589 in
579 1548 778 1589 lacrimas
818 1550 1015 1590 senatum
1052 1548 1167 1591 victo
1206 1549 1370 1604 gemitu
1408 1549 1537 1590 simul
1575 1549 1771 1592 oratione

212 1605 416 1647 continua
454 1606 603 1648 erexit:
641 1620 727 1648 non
767 1607 937 1661 quidem
976 1606 1060 1648 sibi
1091 1607 1289 1662 ignarum
1318 1621 1447 1661 posse
1479 1608 1621 1662 argui,
1657 1608 1772 1663 quod

144 1672 187 1704 10
211 1664 303 1705 tam
334 1665 497 1706 recenti
528 1665 674 1707 dolore
707 1665 889 1707 subierit
920 1665 1068 1708 oculos
1101 1668 1287 1707 senatus.
1336 1666 1407 1708 vix
1432 1666 1772 1722 propinquorum

259 1805 314 1837 22.
350 1803 508 1839 modesta
541 1803 647 1838 nicht
683 1803 879 1839 zahlreicb.
907 1823 953 1830 —·

210 1849 312 1885 intra
337 1849 587 1894 „beschr‘ankt
612 1849 714 1886 auf“.
746 1849 832 1895 Vgl.
852 1854 885 1895 3,
908 1855 951 1886 72

211 1907 326 1931 unum
351 1897 453 1932 iutra
477 1897 661 1932 damnum.
695 1897 795 1932 Curt.
811 1901 891 1942 7,1,
907 1901 952 1932 26

210 1944 354 1979 utinam
373 1943 539 1979 Philotas
556 1955 695 1989 quoque
718 1945 822 1980 intra
846 1945 954 1980 verba

205 1994 388 2035 peccasset
413 2002 505 2034 „nur
529 1992 599 2026 mit
623 1991 816 2027 Worten“.

258 2046 315 2078 23.
341 2033 440 2078 Uber
464 2044 498 2079 si
521 2043 592 2079 mit
617 2044 701 2079 dem
724 2043 956 2090 Konjunktiv

211 2102 239 2125 s.
265 2102 311 2124 zu
336 2093 369 2134 3,
390 2094 446 2125 69.

261 2142 297 2178 7.
326 2146 355 2176 1.
381 2143 554 2179 horridus
579 2143 855 2188 „abstossend“.

258 2192 292 2223 4.
317 2192 504 2234 notescere,
524 2192 601 2226 erst
618 2189 658 2225 in
677 2191 748 2225 den
767 2189 954 2234 Annalem

211 2236 315 2271 sonst
333 2235 571 2271 dichterisch.
594 2257 638 2263 --
657 2238 765 2281 ultor,
790 2236 955 2273 numlich

212 2282 363 2318 Drusus

260 2333 293 2364 5.
319 2329 479 2365 occultus
503 2329 682 2365 mitdem
702 2329 860 2366 Genetiv
886 2342 955 2365 nur

210 2376 292 2411 hier
323 2376 397 2411 und
430 2381 464 2419 6,
490 2380 535 2411 36
561 2377 725 2420 consilii;
757 2379 861 2412 sonst
894 2378 955 2412 bei

210 2422 359 2458 keinem
385 2422 664 2460 Schriftstellcr.

260 2474 292 2506 7.
318 2471 360 2504 in
381 2471 498 2506 arduo
518 2470 752 2515 „vereinzelt,
775 2470 954 2506 isoliert“.

259 2521 291 2553 8.
318 2508 419 2552 Uber
442 2521 567 2562 sponte
591 2516 661 2552 mit
686 2518 771 2552 dem
797 2517 956 2554 Genetiv

212 2576 239 2598 s.
260 2575 303 2598 zu
328 2567 362 2606 2,
383 2567 439 2600 59.

260 2614 292 2645 9.
327 2611 433 2645 Nach
469 2614 501 2655 3,
529 2615 572 2646 72
607 2611 712 2647 hatte
749 2610 860 2655 Sejan
894 2611 956 2647 bei

212 2656 296 2692 dem
315 2657 461 2693 Brande
481 2657 547 2693 des
565 2657 744 2694 Theaters
765 2659 829 2693 des
849 2659 955 2694 Pom-

211 2704 318 2749 pejus
362 2704 479 2740 durch
523 2703 624 2740 seine
666 2704 825 2751 Energie
869 2705 955 2741 dem

212 2751 330 2786 Feuer
355 2750 509 2786 Einhalt
532 2751 683 2797 gethan.

262 2801 315 2832 11.
350 2801 509 2842 nepotes,
546 2797 630 2834 weil
666 2797 836 2834 Tiberius
872 2798 954 2834 eine

213 2841 373 2878 Tochter
397 2844 460 2879 des
487 2844 599 2891 SeJan
623 2845 682 2880 fiir
704 2844 856 2890 Drusus,
883 2845 955 2881 den

1027 1804 1127 1839 Sohn
1147 1804 1211 1839 des
1233 1803 1420 1849 Claudius,
1439 1804 1633 1840 bestimmt
1649 1805 1767 1841 hatte.

1026 1851 1110 1896 Vgl.
1132 1862 1177 1885 zu
1203 1855 1235 1895 3,
1256 1854 1312 1886 29.

1076 1914 1130 1945 12.
1162 1913 1196 1945 et
1220 1930 1266 1936 —
1290 1921 1446 1956 quoque,
1480 1910 1551 1946 wie
1578 1915 1634 1955 13,
1661 1913 1707 1947 55
1737 1914 1772 1948 et

1026 1958 1131 1992 nobis
1163 1964 1305 2003 'quoque
1341 1959 1449 2002 fidus.
1499 1961 1544 1994 56
1579 1962 1612 1994 et
1644 1959 1770 1995 ceteris

1029 2015 1175 2049 quoque.
1213 2003 1300 2040 hist.
1324 2008 1360 2048 1,
1381 2008 1428 2040 30
1453 2009 1485 2041 et
1510 2004 1609 2041 Nero
1633 2015 1771 2051 quoque

1028 2061 1090 2086 vos
1114 2051 1287 2088 destituit.
1332 2050 1412 2087 Seit
1436 2050 1563 2087 Livius
1588 2053 1771 2088 zerstreut

1029 2098 1308 2133 vorkommend.

1077 2156 1115 2192 8.
1150 2160 1182 2191 4.
1217 2157 1319 2192 nullo
1349 2160 1445 2192 metu
1475 2167 1526 2192 au
1555 2160 1598 2192 ut
1629 2160 1689 2193 ctt.
1719 2156 1772 2194 ist

1029 2204 1162 2239 ebenso
1193 2214 1315 2248 gegen
1350 2202 1410 2239 die
1435 2202 1677 2239 Konzinnitat
1700 2204 1771 2239 wie

1029 2254 1062 2294 3,
1076 2253 1123 2285 44
1142 2250 1337 2286 altitudine
1355 2251 1473 2286 animi
1491 2262 1542 2286 an
1560 2253 1768 2296 conpererat

1028 2297 1170 2332 modica
1193 2308 1275 2333 esse.
1302 2297 1335 2333 S.
1356 2296 1452 2332 Einl.
1473 2301 1503 2341 ξ.
1527 2301 1604 2342 119,
1626 2301 1681 2334 12.

1076 2359 1107 2391 6.
1146 2356 1225 2391 sede
1254 2356 1420 2402 vulyari,
1454 2355 1534 2392 also
1568 2355 1675 2392 nicht
1707 2355 1774 2392 auf

1028 2402 1099 2437 den
1124 2402 1364 2438 kurulischen
1390 2402 1558 2440 Stflhlen.

1075 2465 1109 2496 8.
1139 2462 1249 2496 simul
1271 2461 1323 2497 ist
1346 2461 1512 2506 Adverb,
1543 2460 1650 2496 nicht
1673 2461 1772 2497 etwa

1027 2506 1264 2552 Praposition
1300 2507 1340 2542 in
1375 2508 1629 2553 Anastrophe,
1666 2507 1765 2543 deun

1026 2554 1089 2589 bei
1119 2553 1415 2599 unbefangenem
1446 2553 1563 2589 Lesen
1600 2554 1768 2590 vei-steht

1028 2612 1115 2636 man
1148 2601 1208 2635 die
1242 2600 1570 2646 voraufgehenden
1593 2601 1770 2638 Ablative

1026 2658 1096 2682 nur
1121 2647 1174 2683 als
1199 2648 1381 2683 absolute.

1083 2709 1137 2742 10.
1175 2706 1298 2741 subire
1334 2706 1453 2741 oculos
1489 2704 1541 2741 ist
1577 2705 1659 2741 eine
1695 2717 1769 2743 neu

1026 2751 1215 2798 gebildete
1228 2751 1364 2787 Phrase
1384 2752 1480 2787 nach
1500 2752 1682 2799 Analogie
1703 2753 1768 2789 des

1025 2798 1243 2844 poetischen
1251 2800 1372 2835 subire
1380 2800 1534 2844 aliquem
1540 2799 1641 2842 „sich
1649 2800 1770 2836 einem

1026 2847 1203 2891 nahem&
1229 2858 1257 2880 z.
1278 2846 1317 2882 B.
1337 2846 1523 2891 precibus,
1548 2847 1702 2883 artibus.
