1760 3120
612 99 760 136 LIBER
783 100 811 136 Ῑ.
862 100 964 137 ΟΑΡ.
991 105 1097 138 4-6.
1585 103 1644 145 43

74 210 214 266 prima
257 209 312 252 ab
357 208 542 251 infantia
586 207 788 250 eductum
837 208 882 251 in
934 209 1061 252 domo
1105 209 1367 265 regnatrice,
1411 213 1641 266 congestos

73 269 219 312 iuveni
261 267 528 319 consulatus,
573 267 837 323 triumphos,
880 282 934 310 ne
977 267 1032 310 iis
1077 268 1251 323 quidem
1295 269 1437 322 annis,
1483 269 1640 323 quibus

73 327 215 370 Rhodi
251 326 391 382 specie
430 341 621 369 secessus
662 327 759 368 exul
801 327 960 382 egerit,
1001 327 1118 368 aliud
1151 326 1253 382 quid
1291 342 1422 382 quam
1460 327 1569 369 iram
1600 331 1644 370 et
1659 332 1702 364 15

73 385 395 429 simulationem
417 388 461 428 et
481 387 666 429 secretas
684 386 900 428 lubidines
919 385 1188 428 meditatum.
1240 386 1440 428 accedere
1460 389 1643 429 matrem

73 445 274 488 muliebri
310 445 579 500 inpotentia:
624 445 894 487 serviendum
939 444 1127 488 feminae
1171 445 1422 501 duobusque
1465 446 1643 501 insuper

71 504 432 559 adulescentibus,
463 504 537 560 qui
568 518 659 546 rem
690 504 908 559 publicam
940 503 1115 546 interim
1140 508 1353 559 premant,
1384 505 1641 560 quandoque

71 563 327 606 distrahant.

189 621 310 664 Haec
336 624 463 677 atque
493 622 603 664 talia
634 622 904 678 agitantibus
931 635 1183 678 gravescere
1208 622 1412 664 valetudo
1438 622 1682 678 Augusti,5

71 684 115 724 et
140 681 314 737 quidam
341 681 480 723 scelus
506 681 650 724 uxoris
678 681 996 736 suspectabant.
1036 680 1193 736 quippe
1218 696 1368 723 rumor
1391 681 1640 738 incesserat,

69 755 230 796 paucos
263 743 364 782 ante
396 754 564 782 menses
596 739 858 797 Augustum,
889 739 1036 782 electis
1069 740 1254 782 consciis
1287 743 1330 782 et
1362 741 1517 783 comite
1554 755 1638 784 uno

68 799 216 842 Fabio
248 799 458 854 Maximo,
501 799 750 842 Planasiam
793 802 962 842 vectum
1013 798 1067 840 ad
1107 799 1334 841 visendum
1377 799 1640 857 Agrippam3

69 859 232 901 multas
269 859 358 901 illic
398 833 615 925 utrimque
644 859 845 901 lacrimas
884 861 928 900 et
966 858 1092 913 signa
1124 858 1318 900 caritatis
1350 873 1555 914 spemque
1587 874 1675 908 ex5

69 932 120 960 eo
157 917 250 960 fore
287 920 338 959 ut
373 918 539 959 iuvenis
569 918 800 973 penatibus
834 918 903 960 avi
939 917 1200 959 redderetur.
1261 918 1374 973 quod
1399 917 1641 960 Maximum

69 977 193 1020 uxori
229 976 417 1019 Marciae
463 977 699 1032 aperuisse,
742 977 862 1018 illam
903 976 1063 1018 Liviae.

1140 989 1323 1031 gnarum
1367 977 1410 1018 id
1449 975 1640 1032 Caesari3

69 1049 208 1091 neque
239 1036 377 1078 multo
402 1038 503 1090 post
528 1036 719 1078 extincto
744 1035 948 1090 Maximo,
981 1035 1161 1077 dubium
1187 1050 1243 1076 an
1269 1036 1465 1091 quaesita
1490 1038 1642 1090 morte,

70 1095 241 1138 auditos
272 1095 318 1136 in
349 1094 498 1136 funere
531 1095 622 1137 eius
647 1094 837 1137 Marciae
864 1094 1051 1151 gemitus
1078 1097 1215 1136 semet
1239 1094 1494 1150 incusantis,
1526 1095 1641 1150 quod

70 1168 201 1196 causa
225 1153 347 1195 exitii
371 1154 528 1196 marito
554 1153 719 1197 fuisset.
770 1157 1006 1209 utcumque
1032 1168 1077 1196 se
1105 1167 1155 1195 ea
1179 1167 1248 1196 res
1272 1153 1439 1210 habuit,
1465 1154 1640 1197 vixdum
1655 1166 1699 1198 10

68 1213 289 1269 ingressus
327 1212 549 1267 Illyricum
589 1212 789 1255 Tiberius
827 1213 1024 1267 properis
1064 1212 1217 1254 matris
1256 1212 1417 1255 litteris
1455 1213 1639 1267 accitur;

67 1286 206 1327 neque
245 1272 354 1314 satis
386 1274 639 1326 conpertum
679 1275 764 1326 est,
795 1273 1031 1328 spirantem
1070 1271 1209 1314 adhuc
1242 1272 1488 1327 Augustum
1526 1272 1639 1327 apud

71 1331 223 1373 urbem
259 1330 419 1373 Nolam
453 1345 509 1372 an
548 1331 787 1373 exanimem
825 1331 1075 1386 reppererit.

1143 1331 1312 1373 acribus
1349 1345 1535 1387 namque
1567 1346 1640 1374 cu-

69 1390 222 1432 stodiis
248 1389 421 1432 domum
449 1392 492 1431 et
516 1390 608 1432 vias
635 1392 854 1445 saepserat
879 1390 1012 1445 Livia,
1037 1389 1226 1445 laetique
1258 1390 1472 1432 interdum
1497 1391 1639 1433 nuntii

68 1449 369 1505 vulgabantur,
402 1448 539 1491 donec
563 1449 749 1503 provisis
777 1464 886 1505 quae
912 1453 1085 1504 tempus
1111 1449 1316 1492 monebat
1342 1450 1471 1491 simul
1498 1464 1637 1493 exces·
1653 1456 1696 1488 15

69 1508 176 1550 sisse
209 1509 455 1563 Augustum
497 1510 540 1550 et
579 1523 724 1550 rerum
767 1509 899 1563 potiri
929 1507 1148 1551 Neronem
1184 1508 1302 1551 fama
1340 1509 1492 1551 eadem
1523 1509 1637 1552 tulit.

183 1567 377 1609 Primum
412 1567 580 1609 facinus
617 1568 719 1610 novi
754 1568 1023 1622 principatus
1060 1566 1146 1609 fuit
1183 1567 1382 1610 Postumi
1413 1567 1678 1623 Agrippae6

67 1626 234 1682 caedes,
278 1640 406 1681 quem
448 1626 647 1681 ignarum
688 1626 986 1682 inermumque
1025 1627 1220 1682 quamvis
1257 1627 1452 1669 firmatus
1491 1626 1635 1670 animo

68 1686 262 1727 centurio
295 1699 422 1741 aegre
448 1685 646 1728 confecit.
699 1686 811 1728 nihil
837 1686 888 1728 de
921 1701 972 1728 ea
997 1701 1043 1728 re
1069 1685 1267 1728 Tiberius
1294 1685 1408 1741 apud
1435 1689 1636 1728 senatum

67 1743 286 1798 disseruit3
317 1744 454 1800 patris
479 1745 598 1787 iussa
624 1745 867 1800 simulabat,
898 1745 1054 1801 quibus
1079 1746 1433 1800 praescripsisset
1456 1745 1634 1788 tribuno

116 1887 172 1920 13.
184 1884 377 1928 reynatrix
396 1884 490 1919 statt
503 1884 604 1920 eines
616 1884 699 1930 Adj.
726 1883 812 1930 Vgl.

67 1942 114 1965 zu
139 1934 173 1975 3,
199 1935 219 1966 6
245 1932 443 1975 imperator
462 1932 636 1975 populus.

116 1980 170 2012 15.
198 1977 366 2013 Tiberius
389 1977 482 2023 ging
508 1982 528 2013 6
554 1990 589 2014 v.
609 1977 692 2013 Chr.
718 1979 815 2014 nach

65 2023 229 2068 Rhodus,
254 2036 316 2059 um
336 2035 408 2060 von
435 2024 500 2059 der
517 2024 629 2068 Julia,
653 2025 713 2061 die
734 2024 814 2060 sein

65 2072 168 2107 Hans
216 2072 333 2107 durch
380 2072 462 2107 ihre
513 2071 814 2118 Sittenlosigkeit

67 2119 282 2161 schandete,
307 2119 387 2154 fern
412 2130 457 2154 zu
482 2119 572 2154 sein.
622 2119 812 2165 Augustus

67 2166 236 2202 erlaubte
277 2166 358 2201 ihm
395 2166 455 2201 die
489 2166 694 2202 Rtickkehr
737 2168 815 2202 erst

66 2217 88 2248 2
113 2226 148 2249 n.
175 2214 259 2249 Chr.

116 2264 170 2297 18.
196 2261 413 2307 quandoque
438 2271 513 2296 von
545 2261 611 2296 der
637 2260 812 2306 Zukunft,

66 2309 161 2343 auch
180 2311 214 2351 4,
235 2311 290 2343 28.
318 2312 351 2353 6,
372 2311 434 2351 2ος
454 2309 576 2343 zuerst
594 2309 655 2344 bei
668 2308 813 2355 Livius,

67 2356 166 2391 daun
190 2355 288 2391 &fter
312 2355 374 2391 bei
399 2355 548 2391 Sueten.

111 2402 146 2438 5.
174 2407 206 2439 1.
231 2403 476 2448 agitantibus,
511 2402 583 2438 mit
621 2403 706 2438 dem
743 2403 811 2438 all·

66 2450 260 2494 gemeinen
273 2449 451 2496 Subjekte
472 2452 618 2495 „man“,
633 2451 701 2486 wie
716 2451 813 2486 efter

64 2497 127 2533 bei
151 2497 318 2541 Tacitum
352 2498 429 2533 erst
453 2497 525 2532 seit
548 2498 675 2534 Livius
700 2502 740 2540 4,
767 2502 811 2533 60

64 2544 275 2588 fatentibus.
354 2548 417 2588 23,
476 2548 518 2579 12
572 2546 811 2581 metientibus.

66 2591 178 2627 Sonat
211 2593 262 2627 ist
292 2592 359 2627 das
395 2591 552 2636 Subjekt
584 2602 651 2628 aus
690 2592 812 2628 einem

66 2639 224 2684 voraufg
225 2638 394 2675 ehenden
420 2638 639 2675 Substantiv
664 2652 708 2675 zu
733 2642 811 2675 ent-

66 2686 227 2722 nehmen
259 2686 350 2722 oder
381 2686 499 2722 durch
525 2686 586 2722 ein
616 2686 810 2733 folgendes

65 2732 214 2769 Relativ
238 2734 436 2769 vertreten.

116 2784 148 2815 2.
174 2784 380 2825 suspectare
397 2780 437 2816 in
456 2780 576 2816 dieser
589 2781 811 2827 Bedeutung

65 2828 187 2863 zuerst
210 2827 271 2863 bei
296 2828 459 2863 Tacitus.

115 2879 147 2910 3.
174 2878 258 2910 ante
282 2875 338 2910 als
364 2874 616 2921 Prapositiom
642 2874 812 2920 h’aufiger

887 1885 927 1920 in
957 1885 1152 1921 derselben
1177 1884 1352 1929 Stellung
1371 1889 1474 1930 post,
1504 1885 1576 1921 wie
1604 1889 1634 1929 1,

889 1937 932 1968 62
965 1945 1000 1968 u.
1035 1932 1147 1976 often
1181 1930 1279 1966 auch
1310 1931 1385 1967 Cic.
1416 1931 1524 1968 Rosc.
1549 1932 1632 1968 Am.

887 1983 934 2014 44
959 1980 1099 2024 aliquot
1120 1982 1203 2024 post
1227 1989 1370 2014 menses.

934 2030 968 2061 4.
995 2026 1140 2061 Fabius
1168 2026 1372 2069 Maximus,
1399 2026 1461 2062 ein
1485 2026 1635 2062 Freund

885 2073 950 2108 des
977 2072 1091 2117 ovid,
1124 2083 1201 2107 war
1228 2077 1270 2107 11
1297 2085 1331 2108 v.
1359 2073 1444 2108 Chr.
1476 2073 1632 2110 Konsul.

886 2119 1192 2156 Aqunschriften
1203 2119 1296 2154 wird
1306 2132 1346 2156 er
1359 2120 1567 2157 ausser-dem
1575 2122 1633 2158 als

889 2168 1095 2203 Prokonsul
1104 2178 1178 2203 von
1187 2166 1332 2220 Cypern
1341 2168 1418 2203 und
1425 2180 1498 2205 von
1505 2167 1632 2214 Asien,

887 2215 983 2250 auch
1003 2215 1060 2250 als
1080 2213 1229 2260 Legat
1217 2226 1258 2249 111
1273 2214 1435 2260 Spanien
1455 2217 1632 2261 genannt.

935 2266 965 2298 7.
992 2273 1134 2308 ymarus
1155 2263 1250 2297 statt
1268 2266 1377 2298 notus
1396 2263 1464 2298 hat
1480 2262 1632 2300 Tacitus

885 2309 1091 2345 auffallend
1122 2309 1269 2355 haufig3
1308 2310 1445 2346 ebenso
1477 2311 1634 2356 iynarus

883 2355 944 2392 fiir
966 2357 1115 2402 iynotus
1144 2357 1275 2402 (sehon
1299 2356 1362 2392 bei
1388 2357 1558 2403 Sallust).
1586 2379 1631 2385 —

886 2403 1046 2447 Caesari,
1073 2404 1108 2441 d
1132 2405 1170 2439 h.
1195 2403 1280 2449 Aug
1282 2406 1377 2439 usto.

932 2455 953 2487 8
990 2433 1091 2487 Uber
1121 2450 1181 2486 die
1213 2451 1438 2487 Parenthese
1470 2452 1542 2488 mit
1565 2453 1634 2488 du-

884 2499 984 2534 bium
1019 2511 1046 2534 s.
1079 2497 1175 2533 Einl.
1202 2501 1233 2540 5.
1261 2502 1316 2534 75.
1376 2498 1553 2544 Haufiger
1582 2499 1634 2536 ist

883 2545 992 2580 dafur
1015 2547 1203 2581 incertum.

934 2596 989 2628 11.
1003 2592 1155 2637 Illyrien
1170 2591 1346 2627 umfarste
1358 2592 1428 2628 seit
1440 2591 1632 2639 Augustus

882 2638 1036 2684 Ratien,
1063 2640 1258 2682 Noricum,
1285 2639 1511 2684 Dalmatien‚
1536 2640 1631 2676 Pan-

882 2686 1020 2722 nonien
1044 2687 1121 2722 und
1147 2686 1302 2723 Mosien.

933 2737 987 2769 12.
1014 2734 1150 2787 apud,
1154 2733 1228 2777 ‚in“
1267 2745 1294 2770 s.
1320 2733 1418 2769 Einl.
1444 2737 1475 2777 5.
1502 2737 1559 2770 50.
1583 2755 1632 2762 -

882 2792 1037 2826 namque
1067 2780 1107 2816 in
1138 2761 1392 2826 ᾈηαεὴιορὴθ,
1428 2784 1631 2828 ursprfing-

882 2827 959 2863 lich
980 2826 1218 2870 dicbteriseh,
1238 2829 1341 2864 steht
1359 2829 1475 2865 schon
1495 2828 1551 2865 oft
1568 2830 1631 2866 bei

883 2874 1021 2911 Livius.
1073 2875 1108 2911 S.
1135 2855 1230 2911 Einl.
1258 2879 1288 2919 5.
1317 2880 1373 2912 69.
