1786 3120
594 101 740 137 LIBER
764 101 861 137 XIV.
905 100 1009 139 CAP.
1036 106 1141 139 7-9,
1573 103 1657 145 129

82 209 218 252 donec
250 212 426 265 aspectu
460 210 615 252 armati
647 212 691 252 et
715 209 958 252 minitantis
984 210 1171 266 agminis
1196 210 1365 252 disiecti
1391 212 1503 252 sunt.
1551 210 1658 253 Ani-

80 271 202 311 cetus
233 268 383 311 villam
423 269 608 312 statione
647 267 883 311 circumdat
918 268 1191 324 refractaque
1222 269 1354 311 ianua
1386 270 1538 312 obvios
1571 285 1658 312 ser-

82 342 234 370 vorum
279 328 456 384 abripit,
507 328 642 371 donec
683 327 736 370 ad
779 326 893 369 fores
945 327 1130 370 cubiculi
1179 328 1365 383 veniret3
1416 328 1484 370 cui
1532 330 1658 384 pauci
1687 341 1730 373 10
1764 365 1767 368 ,

80 386 327 442 adstabant,
353 387 505 430 ceteris
531 389 695 429 terrore
719 386 1059 440 inrumpentium
1087 387 1314 430 exterritis.
1352 387 1548 430 cubiculo
1568 402 1658 430 mo-

82 446 226 488 dicum
257 446 404 488 lumen
434 446 576 488 inerat
607 448 649 488 et
679 445 933 488 ancillarum
965 461 1068 501 una,
1104 447 1244 502 magis
1277 461 1326 488 ac
1357 446 1497 502 magis
1529 447 1659 489 anxia

83 505 346 560 Agrippina,
385 505 500 560 quod
534 519 662 547 nemo
702 519 728 546 a
758 504 848 547 filio
882 519 932 547 ac
963 519 1018 547 ne
1049 505 1265 562 Agerinus
1298 505 1487 561 quidem:
1526 506 1659 548 aliam

81 564 176 607 fore
207 565 348 606 laetae
379 564 443 606 rei
474 564 646 618 faciem3
683 578 798 606 nunc
833 564 1109 607 solitudinem
1141 580 1190 608 ac
1221 565 1472 620 repentinos
1505 566 1658 620 strepi-

82 625 155 665 tus
189 625 268 676 [et]
302 623 481 666 extremi
511 623 615 665 mali
645 623 818 665 indicia.
874 624 1059 666 abeunte
1091 624 1246 667 dehinc
1277 625 1436 667 ancilla
1467 624 1530 667 ‘tu
1557 639 1658 680 quo·
1686 635 1729 667 15

86 697 169 737 que
205 696 274 724 me
312 681 489 724 deseris'
527 683 752 737 prolocuta
788 683 965 737 respicit
995 683 1244 739 Anicetum,
1281 683 1517 727 trierarcho
1549 683 1660 726 Her-

83 741 221 783 culcio
261 743 304 783 et
342 740 523 784 Obarito
562 742 811 784 centurione
850 742 1072 785 classiario
1110 743 1382 799 comitatum,
1426 758 1492 798 ac,
1531 743 1568 785 si
1606 743 1661 785 ad

82 800 311 842 visendum
348 801 557 856 venisset,
594 801 778 843 refotam
814 802 1055 844 nuntiaret:
1093 802 1160 843 sin
1195 802 1365 844 facinus
1398 804 1661 858 patraturus,

81 858 193 901 nihil
214 874 272 902 se
305 859 356 901 de
387 859 476 902 filio
509 860 698 915 credere3
729 874 819 902 non
849 860 1107 915 imperatum
1138 861 1427 916 parricidium.
1484 862 1659 904 circum-

83 918 247 961 sistunt
276 919 437 960 lectum
468 934 742 974 percussores
775 921 819 961 et
849 919 969 974 prior
993 920 1255 963 trierarchus
1279 920 1386 963 fusti
1412 923 1543 975 caput
1567 921 1658 963 eius
1685 931 1730 963 20

82 977 260 1020 adflixit.
321 978 408 1020 iam
451 979 496 1020 in
539 981 724 1022 mortem
761 979 1001 1021 centurioni
1038 979 1200 1022 ferrum
1236 979 1524 1036 destringenti
1560 995 1660 1035 pro-

81 1037 263 1079 tendens
294 1039 466 1079 uterum
498 1036 707 1080 ‘ventrem
738 1037 833 1079 feri'
867 1038 1124 1080 exclamavit
1148 1039 1381 1094 multisque
1406 1039 1658 1082 vulneribus

81 1096 278 1139 confecta
309 1098 387 1138 est.

202 1154 322 1198 Haec
354 1170 567 1198 consensu
598 1155 851 1210 produntur.
908 1157 1180 1211 aspexeritne
1209 1158 1392 1199 matrem
1418 1157 1699 1200 exanimem9

82 1212 199 1256 Nero
233 1216 277 1256 et
306 1214 493 1257 formam
525 1215 717 1270 corporis
749 1215 841 1258 eius
872 1215 1126 1271 laudaverit,
1158 1218 1261 1258 sunt
1290 1217 1365 1272 qui
1388 1216 1660 1272 tradiderint,

83 1275 186 1315 sunt
219 1273 292 1328 qui
324 1274 528 1317 abnuant.
584 1275 774 1316 cremata
806 1276 872 1317 est
901 1277 1028 1317 nocte
1060 1275 1209 1317 eadem
1238 1275 1452 1318 convivali
1475 1276 1588 1318 lecto
1615 1278 1660 1317 et

82 1332 297 1388 exsequiis
328 1333 503 1388 vilibus3
534 1348 684 1389 neque,
716 1333 818 1375 dum
842 1332 958 1376 Nero
989 1349 1133 1376 rerum
1162 1334 1422 1389 potiebatur,
1453 1337 1660 1391 congesta

83 1393 159 1434 aut
183 1392 332 1434 clausa
349 1392 519 1435 humus.
556 1407 658 1435 mox
677 1392 1011 1435 domesticorum
1031 1408 1134 1436 cura
1150 1394 1288 1436 levem
1306 1394 1523 1436 tumulum
1543 1408 1660 1436 acce·
1685 1405 1706 1437 5

81 1450 165 1506 pit,
203 1451 318 1493 viam
355 1450 513 1494 Miseni
551 1454 730 1507 propter
768 1454 812 1494 et
847 1452 994 1494 villam
1033 1451 1230 1496 Caesaris
1268 1453 1511 1505 dictatoris,
1549 1467 1658 1508 quae

83 1509 302 1553 subiectos
348 1510 467 1553 sinus
513 1511 752 1553 editissima
788 1514 1047 1566 prospectat.
1115 1526 1294 1555 accenso
1332 1526 1440 1567 rogo
1477 1512 1659 1555 libertus

82 1568 174 1611 eius
207 1571 495 1625 cognomento
525 1569 717 1613 Mnester
746 1584 789 1613 se
818 1571 912 1625 ipse
942 1570 1057 1613 ferro
1089 1572 1317 1627 transegit,
1347 1572 1560 1613 incertum
1592 1586 1660 1614 ca-

80 1628 210 1670 ritate
252 1628 299 1670 in
340 1631 570 1684 patronam
615 1644 673 1671 an
716 1631 832 1672 metu
870 1630 1004 1672 exitii.
1071 1630 1187 1672 hunc
1226 1630 1293 1673 sui
1329 1631 1461 1672 finem
1497 1631 1658 1673 multos

82 1689 181 1729 ante
219 1702 355 1730 annos
394 1687 634 1731 crediderat
663 1688 909 1744 Agrippina
949 1691 1364 1745 contempseratque.
1424 1704 1526 1732 nam
1560 1704 1658 1732 con·
1686 1701 1729 1734 10

82 1745 242 1788 sulenti
273 1761 402 1802 super
431 1746 603 1790 Nerone
634 1748 950 1804 responderunt
981 1747 1188 1792 Chaldaei
1219 1749 1310 1791 fore
1342 1751 1391 1791 ut
1425 1749 1660 1804 imperaret

85 1875 250 1920 yratari,
278 1874 448 1920 haufiger
472 1874 534 1910 bei
558 1874 643 1911 Tac.
670 1875 726 1911 als
750 1886 834 1922 yra-
959 1880 992 1919 2.
1024 1876 1102 1911 Der
1128 1877 1455 1922 Tempuswechsel
1479 1877 1518 1912 in
1544 1877 1660 1912 tradi-

82 1922 202 1957 talari
207 1935 220 1965 ,·
246 1921 454 1957 ausserdcm
477 1921 539 1957 bei
557 1922 739 1958 Dichtern
757 1923 834 1958 und.
909 1924 1032 1959 derint
1079 1923 1156 1958 und
1205 1924 1375 1960 abnuant
1422 1924 1474 1959 ist
1523 1923 1659 1960 ebenso

83 1967 224 2004 Livius.
907 1968 1137 2005 willkfirlich
1177 1970 1248 2006 wie
1291 1971 1377 2007 hist.
1423 1975 1461 2016 1,
1507 1974 1550 2006 15
1594 1972 1659 2007 ad—

132 2019 187 2051 12.
212 2017 330 2062 magis
355 2027 399 2052 ac
422 2017 540 2062 mayis
564 2029 634 2052 nur
657 2017 740 2052 hier
758 2017 834 2052 und
912 2018 1057 2053 sciscere
1082 2038 1126 2043 -
1153 2018 1337 2054 adiecisse.
1570 2019 1574 2023 ’

83 2066 122 2108 6,
147 2067 204 2099 21·
954 2081 987 2112 4.
1025 2079 1193 2122 conyesta
1230 2080 1298 2112 aut
1331 2078 1459 2114 clausa
1491 2076 1659 2122 (111111116-

132 2114 187 2146 13.
207 2122 232 2146 α
248 2111 326 2155 filio
348 2110 427 2166 scil.
446 2111 594 2148 veniret.
627 2111 711 2166 Vgl.
733 2115 767 2155 4,
788 2114 831 2147 57
907 2124 1014 2169 djgss)
1076 2124 1153 2159 Das
1196 2123 1296 2160 (ζα-61)
1347 2137 1425 2161 war
1467 2125 1548 2161 also
1591 2137 1659 2160 un-

82 2158 230 2194 tandem
250 2158 387 2194 Caesar
405 2170 447 2194 in
467 2158 710 2203 Campaniam
735 2161 833 2203 (pro-
906 2170 1117 2208 kennfflch

81 2205 222 2250 fectus).
271 2206 450 2251 Haufiger
473 2206 600 2241 fehlen
625 2206 685 2241 die
709 2205 835 2241 Verba
956 2223 987 2255 6,
1038 2200 1139 2255 Ubgr
1187 2218 1248 2254 die
1297 2220 1485 2266 Anasffirop
1487 2219 1536 2256 he
1583 2230 1659 2256 von

84 2251 263 2288 movendi
287 2253 326 2287 in
352 2251 498 2307 Ciceros
523 2252 706 2308 Briefen3
734 2301 741 2308 .
788 2299 796 2307 .
897 2268 1057 2311 Propter
1082 2277 1110 2302 g
1136 2265 1234 2302 Einl
1260 2271 1289 2310 g
1313 2271 1401 2311 116
1420 2267 1456 2302 b

137 2303 192 2336 15.
218 2303 252 2335 et
276 2300 422 2336 schemt
439 2301 596 2344 unecht3
621 2301 765 2336 indicia
785 2302 835 2336 ist
957 2317 989 2349 7
1014 2317 1248 2359 prospectare
1277 2326 1352 2351 von
1383 2315 1449 2351 der
1474 2314 1626 2360 Orssslag

83 2345 112 2381 P
114 2346 282 2402 &zdik-at,
309 2347 387 2383 8011·
413 2358 494 2383 ⁶888·
907 2362 978 2396 wie
998 2365 1031 2404 4,
1053 2365 1096 2397 67
1111 2363 1371 2407 prospectabat
1393 2363 1550 2407 (insula)
1571 2326 1658 2408 puss

130 2397 188 2431 21·
207 2406 251 2430 ‘m
269 2397 416 2430 ”mrtem
434 2395 527 2430 ⁸¹3²*st
545 2396 595 2431 ad
614 2396 765 2432 caedem·
789 2415 834 2421 -
907 2409 1124 2444 cherrimum
1148 2409 1280 2445 sinum.
1324 2410 1412 2446 hist.
1441 2413 1473 2452 3,
1495 2413 1540 2445 60
1560 2410 1660 2446 locus

77 2441 299 2486 PTOtendenS
342 2445 486 2477 uterum
523 2443 588 2478 th}
650 2442 831 2478 AUSfUhr-
907 2456 980 2492 late
1004 2459 1254 2501 prospectans
1301 2461 1339 2501 5,
1374 2461 1406 2492 6
1457 2455 1507 2492 So
1538 2457 1659 2492 zuersffi

82 2487 201 2524 licher
218 2489 280 2524 bei
298 2488 370 2524 Dio
391 2492 513 2532 61,13
541 2490 607 2525 καὶ
632 2486 830 2536 ἄναπηδή-
903 2502 966 2538 bei
1007 2502 1135 2538 Tibuu
1169 2507 1207 2546 1
1241 2508 1279 2549 7
1315 2484 1358 2539 1’9
1396 2506 1540 2540 vastum
1570 2514 1658 2548 Pro-

84 2547 180 2570 σασα
215 2533 258 2571 ἔκ
286 2536 352 2581 τῆς
376 2537 508 2592 κοίτης
527 2533 595 2582 τήν
620 2550 659 2573 τε
688 2534 833 2595 ἕσΐζῆτα
904 2552 1042 2595 spectat
1076 2551 1243 2586 turribus
1273 2562 1408 2596 aequor
1440 2571 1484 2577 —
1520 2551 1659 2598 Tyros;

83 2580 355 2648 περιεᾷρηξατθ
380 2582 446 2618 καὶ
469 2580 538 2640 τῆξ
557 2583 720 2630 γαστέρα
739 2582 831 2620 ἄπο·
906 2597 1005 2632 dann
1029 2597 1083 2632 im
1108 2596 1295 2634 silbernen
1319 2598 1465 2635 Latein.

84 2640 321 2675 Ύυμνωσασα
357 2635 446 2666 παῖε
466 2627 619 2688 tantm,
640 2630 726 2678 ἔφη
743 2628 832 2667 'Am'
953 2648 987 2680 8.
1019 2644 1198 2681 incertam
1229 2657 1297 2690 an,
1328 2646 1400 2682 wie
1424 2645 1496 2691 ΚΡ.
1524 2648 1568 2680 51
1601 2646 1658 2681 in-

83 2689 185 2721 unte.
228 2682 334 2723 παῖε
361 2691 420 2713 ⁰²⁷¹·
444 2676 504 2713 N
488 2690 610 2724 sqmvoe
636 2677 775 2715 ἔτεκεν·
907 2696 1042 2728 certam
1060 2692 1268 2729 valetudine
1287 2704 1338 2728 an
1355 2703 1500 2729 veneno.
1536 2696 1592 2738 11,
1612 2697 1657 2728 22

131 2736 170 2771 9.
211 2740 242 2774 1.
274 2737 501 2782 aspexeritne
529 2737 613 2782 ott„
645 2737 706 2773 ein
735 2738 833 2774 Ana·
904 2740 982 2775 und
1007 2739 1114 2776 ofter.
1164 2739 1250 2786 Vgl.
1276 2740 1373 2777 Einl.
1399 2743 1431 2784 ξ.
1454 2743 1509 2776 75.

85 2782 236 2829 koluth,
266 2783 339 2819 wic
370 2787 431 2828 12,
458 2787 502 2819 52
533 2787 645 2820 morte
674 2785 833 2828 fortuita
953 2791 986 2823 9.
1018 2787 1079 2822 sui
1102 2788 1222 2831 finem.
1267 2788 1302 2823 S.
1328 2787 1427 2824 Einl.
1453 2791 1485 2830 ξ.
1505 2791 1562 2823 42.

88 2841 141 2866 an
152 2831 217 2866 ctt.
258 2830 367 2867 Sonst
386 2832 454 2867 hat
466 2831 552 2867 Tac.
572 2831 683 2868 keine
704 2833 831 2870 solche
955 2838 1010 2870 11.
1046 2833 1232 2871 Chaldaei.
1282 2835 1391 2871 Nach
1417 2839 1458 2880 6,
1478 2839 1523 2871 22
1549 2835 1658 2872 hatte

87 2875 390 2924 Satzbildungen.
904 2882 971 2917 der
997 2881 1098 2918 Sohn
1123 2882 1187 2918 des
1212 2882 1460 2929 Wahrsagers
1481 2883 1657 2928 Thrasyl-

159 2942 229 2970 Tac.
248 2942 359 2972 Annal.
379 2944 420 2970 11.
1349 2947 1370 2978 9
