1806 3120
598 86 743 123 LIBER
766 86 812 122 ΙΙ.
862 86 965 123 ΟΑΡ.
987 89 1139 123 'Il—⁷5.

206 195 355 239 Funus
388 195 480 238 sine
504 195 768 252 imaginibus
795 197 838 237 et
862 209 1023 250 pompa
1047 209 1125 250 per
1149 194 1298 237 laudes
1325 209 1374 237 ac
1398 195 1654 236 memoriam
1668 205 1724 248 73

1569 86 1653 129 139

88 257 295 299 virtutum
316 255 407 297 eius
433 255 600 297 celebre
626 254 720 297 fuit.
753 260 796 296 et
821 257 945 296 erant
970 254 1044 310 qui
1069 253 1267 308 formam,
1293 256 1492 306 aetatem,
1518 268 1653 309 genus

87 315 257 369 mortis,
297 313 351 356 ob
382 314 751 369 propinquitatem
785 314 917 356 etiam
949 313 1161 365 locorum,
1200 313 1245 355 in
1284 313 1440 368 quibus
1477 312 1654 367 interiit,

87 374 236 430 magni
277 373 511 415 Alexandri
550 373 654 415 fatis
696 373 996 429 adaequarent.

1057 387 1159 415 nam
1202 375 1432 428 utrumque
1476 385 1654 427 corpore

87 433 252 484 decoro,
284 446 439 489 genere
471 432 646 488 insigni,
677 432 793 474 haud
826 432 1011 474 multum
1043 432 1228 487 triginta
1260 446 1394 474 annos
1421 445 1655 487 egressum,
1680 451 1701 483 5

86 506 261 535 suorum
285 491 456 534 insidiis
482 495 681 534 externas
706 492 820 533 inter
846 493 997 547 gentes
1024 491 1248 547 occidisse;
1274 491 1349 533 sed
1368 492 1482 533 hunc
1502 490 1653 533 mitem

86 564 190 606 erga
234 551 412 606 amicos,
455 551 670 594 modicum
716 551 1011 606 voluptatum,
1054 565 1140 593 uno
1184 551 1482 605 matrimonio,
1526 549 1654 592 certis

85 610 234 652 liberis
274 611 430 666 egisse,
469 625 607 666 neque
646 610 787 652 minus
823 610 1150 665 proeliatorem,
1188 611 1319 652 etiam
1358 611 1395 652 si
1430 609 1654 651 temeritas

90 669 246 712 afuerit
285 670 647 726 praepeditusque
690 670 748 712 sit
790 670 1009 724 perculsas
1056 672 1123 712 tot
1166 670 1358 712 victoriis
1397 668 1653 712 Germanias

92 727 268 772 servitio
311 743 518 784 premere.

580 729 694 785 quod
738 729 775 770 si
820 729 937 771 solus
983 729 1145 771 arbiter
1187 743 1353 783 rerum,
1397 729 1434 771 si
1476 729 1569 770 iure
1612 730 1655 770 et
1682 749 1726 781 10

87 788 261 831 nomine
302 789 423 844 regio
463 789 634 843 fuisset,
677 791 802 831 tanto
841 789 1085 844 promptius
1124 788 1426 831 adsecuturum
1468 788 1655 845 gloriam

86 847 283 902 militiae,
315 850 521 903 quantum
549 849 788 902 elementia,
819 848 1122 903 temperantia,
1154 848 1307 890 ceteris
1334 848 1460 890 bonis
1487 847 1654 890 artibus

88 907 390 962 praestitisset.

452 923 607 963 corpus
649 910 880 962 antequam
923 910 1186 950 cremaretur
1224 907 1434 949 nudatum
1475 907 1521 948 in
1558 907 1659 949 foro

89 966 464 1022 Antiochensium,
490 968 563 1023 qui
587 968 707 1009 locus
734 968 979 1022 sepulturae
1005 967 1315 1022 destinabatur,
1340 966 1654 1022 praetuleritne

85 1026 280 1068 veneficii
313 1027 456 1083 signa,
495 1042 649 1081 parum
687 1026 902 1082 constitit3
941 1041 1043 1068 nam
1074 1028 1123 1068 ut
1153 1026 1249 1082 quis
1281 1025 1578 1068 misericordia
1608 1025 1655 1067 in
1682 1044 1725 1078 15

89 1084 393 1127 Germanicum
425 1089 469 1128 et
499 1089 778 1141 praesumpta
811 1085 1053 1140 suspicione
1086 1088 1160 1128 aut
1191 1085 1341 1128 favore
1373 1086 1417 1128 in
1449 1085 1654 1128 Pisonem

88 1144 277 1199 pronior,
310 1145 470 1187 diversi
501 1145 911 1199 interpretabantur.

207 1202 509 1246 Consultatum
559 1205 656 1246 inde
706 1205 821 1246 inter
869 1205 1040 1259 legatos
1085 1204 1241 1259 quique
1288 1204 1363 1245 alii
1407 1207 1654 1245 senatorum
1670 1214 1727 1256 74

88 1263 278 1315 aderant,
311 1264 509 1318 quisnam
537 1263 687 1306 Suriae
718 1263 1034 1318 praeficeretur.
1085 1267 1126 1305 et
1158 1263 1311 1305 ceteris
1342 1263 1509 1305 modice
1534 1262 1654 1317 nisis,

86 1322 199 1364 inter
237 1321 415 1365 Vibium
458 1323 648 1365 Marsum
693 1328 736 1364 et
779 1322 854 1365 Cn.
893 1321 1088 1365 Sentium
1134 1322 1206 1364 diu
1251 1323 1514 1377 quaesitum3
1558 1322 1656 1364 dein

87 1380 257 1423 Marsus
297 1382 456 1424 seniori
493 1386 536 1424 et
575 1382 715 1424 acrius
746 1382 939 1424 tendenti
972 1381 1120 1424 Sentio
1153 1381 1375 1424 concessit.

1436 1382 1558 1437 isque
1588 1381 1656 1423 in-

85 1441 246 1483 famem
265 1441 480 1484 veneficiis
507 1456 557 1484 ea
581 1441 628 1484 in
652 1441 875 1497 provincia
901 1444 944 1483 et
963 1440 1196 1484 Plancinae
1222 1456 1457 1496 percaram,
1481 1441 1654 1483 nomine
1681 1463 1702 1494 5

87 1499 341 1555 Martinam,
372 1502 417 1543 in
448 1501 600 1543 urbem
631 1501 769 1556 misit,
807 1501 1132 1556 postulantibus
1165 1499 1347 1543 Vitellio
1381 1515 1430 1542 ac
1462 1500 1653 1543 Veranio

86 1559 323 1615 ceterisque
357 1560 430 1616 qui
461 1561 642 1603 crimina
674 1564 718 1602 et
750 1561 1068 1603 accusationem
1099 1563 1322 1616 tamquam
1355 1560 1560 1602 adversus
1591 1574 1655 1602 re-

90 1621 236 1674 ceptos
268 1619 356 1661 iam
387 1634 483 1662 reos
516 1620 800 1662 instruebant.

205 1679 266 1721 At
296 1678 550 1735 Agrippina,
583 1694 842 1735 quamquam
874 1679 1042 1721 defessa
1073 1679 1191 1721 luctu
1224 1681 1267 1720 et
1299 1693 1477 1734 corpore
1510 1692 1654 1734 aegro,
1670 1688 1726 1732 75

90 1738 280 1780 omnium
312 1741 460 1781 tamen
491 1754 600 1794 quae
631 1739 842 1782 ultionem
874 1741 1145 1781 morarentur
1175 1739 1428 1792 intolerans,
1460 1738 1656 1780 ascendit

91 1797 273 1840 classem
324 1812 421 1840 cum
470 1799 684 1841 cineribus
734 1797 980 1841 Germanici
1029 1800 1073 1840 et
1121 1798 1291 1853 liberis,
1347 1798 1654 1840 miserantibus

91 1925 228 1968 Leben‚
252 1925 323 1960 wie
343 1937 400 1971 cp.
416 1930 471 1961 71.
492 1930 526 1970 4,
549 1931 592 1962 18
612 1927 752 1962 destrui
770 1938 839 1972 per

91 1973 178 2008 haee
200 1973 389 2016 fortunam
414 1984 529 2017 suam,
555 1974 631 2008 und
658 1975 765 2010 ofter.

140 2019 202 2055 73.
234 2024 266 2055 4.
299 2020 507 2066 adaequare
537 2020 837 2066 „vergleichen“‚

91 2067 131 2102 in
155 2066 277 2103 dieser
302 2068 524 2113 Bedeutung
549 2066 612 2103 ἅπ.
635 2067 715 2114 alp„
740 2068 839 2104 nach

90 2114 274 2161 Analogie
324 2126 398 2150 von
447 2127 621 2161 aequare,
675 2115 837 2151 welches

91 2163 207 2197 sehon
246 2161 374 2198 Cicero
412 2164 488 2199 und
525 2162 650 2198 Livius
689 2174 730 2199 so
774 2175 836 2209 ge-

89 2209 290 2245 brauchen.

138 2261 170 2293 5.
201 2258 367 2303 triginta.
401 2257 451 2293 Er
476 2269 554 2293 war
573 2262 618 2293 33
639 2258 659 2293 J
663 2259 752 2293 ahre
771 2259 836 2294 alt.

139 2309 170 2341 7.
197 2305 360 2341 modicus
374 2305 444 2340 mit
457 2305 541 2341 dem
557 2306 725 2349 Geneffiv,
740 2305 837 2341 oster

89 2352 129 2387 in
154 2352 227 2388 den
250 2352 439 2395 Annalen,
466 2353 517 2388 ist
542 2353 836 2398 nachklassisch,

91 2412 159 2435 nur
195 2401 291 2435 noch
329 2399 390 2435 bei
424 2399 520 2436 Vell.
550 2406 586 2445 1,
615 2405 676 2444 12,
702 2405 734 2435 4.
788 2401 835 2436 So

90 2447 186 2483 auch
211 2448 424 2483 immodicus
448 2449 566 2484 animi
596 2448 683 2483 hist.
714 2454 751 2493 1,
779 2452 834 2484 53.

91 2506 175 2530 ann.
198 2498 254 2539 15,
274 2499 330 2530 23.

139 2545 173 2579 8.
193 2543 405 2587 proeliator,
426 2543 522 2578 auch
536 2542 626 2579 dial.
641 2546 698 2586 37,
719 2542 837 2578 findet

92 2589 172 2624 sich
196 2601 266 2625 nur
289 2590 330 2625 in
353 2590 565 2627 nachklass.
591 2590 716 2627 Prosa.

142 2641 196 2672 11.
223 2637 499 2683 adsecuturum,
525 2638 604 2675 scil.
629 2639 761 2683 fuisse,
793 2650 838 2673 zu

93 2695 148 2729 cp.
169 2688 226 2721 31.

141 2735 195 2767 12.
230 2735 426 2778 quantum,
458 2732 543 2767 dem
569 2731 839 2777 voraufgehen-

93 2777 165 2814 den
190 2782 293 2815 tanto
326 2779 616 2824 entsprechend‚
649 2779 719 2815 wie
751 2779 838 2814 hist.

94 2829 128 2869 2,
142 2829 187 2862 99
201 2830 378 2872 quantum
398 2827 499 2863 hebes
515 2848 556 2853 —
573 2830 676 2862 tanto
692 2837 839 2871 promp-

93 2873 175 2908 tior.
218 2873 295 2910 Liv.
317 2877 338 2909 5
353 2902 362 2920 ‚
384 2878 439 2920 10,
460 2878 481 2910 5
513 2878 690 2920 quantum
721 2878 840 2910 autem

912 1927 1116 1973 auyebatur
1141 1927 1298 1962 militum
1330 1936 1521 1969 numeru-5,
1552 1928 1656 1961 tanto

910 1974 1047 2009 maiore
1065 1974 1228 2019 pecunia
1252 1974 1294 2008 in
1317 1973 1540 2018 stipendium
1565 1983 1656 2018 opus

910 2024 999 2056 erat.

960 2067 1023 2104 74.
1056 2072 1088 2104 3.
1122 2067 1252 2104 Vibius
1276 2067 1368 2102 wird
1393 2067 1446 2102 im
1469 2067 1583 2103 Jahre
1609 2071 1655 2103 37

909 2116 948 2151 in
986 2115 1070 2150 eine
1107 2115 1279 2161 Anklage
1323 2115 1390 2150 auf
1423 2115 1657 2151 Hochverrat

909 2162 1145 2208 verwickelt,
1184 2163 1274 2199 aber
1311 2162 1429 2198 durch
1467 2162 1540 2198 den
1574 2163 1656 2198 Tod

909 2211 974 2246 des
1007 2210 1179 2246 Tiberius
1214 2212 1385 2256 gerettet.
1423 2231 1471 2236 —
1507 2209 1657 2246 Sentius

909 2269 987 2293 war
1012 2262 1034 2293 4
1058 2269 1094 2294 n.
1117 2257 1199 2294 Chr.
1222 2257 1363 2294 Konsul
1388 2268 1571 2303 gewesen.

957 2309 989 2341 6.
1024 2305 1179 2341 Vitellio.
1214 2306 1261 2341 Es
1287 2306 1337 2341 ist
1361 2304 1516 2341 Publius
1535 2305 1655 2341 Vitel-

908 2352 992 2394 lius,
1020 2364 1047 2388 ε.
1074 2365 1118 2388 zu
1146 2357 1177 2396 1,
1204 2357 1259 2390 70.
1295 2374 1337 2379 ·—
1371 2353 1531 2389 Veranio
1557 2364 1584 2388 s.
1612 2365 1657 2388 zu

909 2412 965 2446 cp.
987 2403 1043 2436 56.

958 2452 990 2484 7.
1030 2452 1214 2493 tamquam
1251 2451 1311 2484 eth.
1372 2446 1554 2492 Obgleich
1596 2447 1656 2483 die

909 2494 1028 2540 Klage
1059 2496 1156 2530 noch
1187 2495 1293 2530 nicht
1323 2495 1543 2540 eingeleitet
1567 2505 1655 2539 war,

910 2542 1079 2578 erlaubte
1105 2554 1192 2577 man
1219 2541 1298 2577 sich
1323 2541 1463 2577 bereits
1491 2541 1655 2577 Schritte

910 2601 973 2624 zur
1011 2589 1338 2635 Beweisfr'ihrung,
1383 2589 1442 2624 die
1486 2601 1529 2623 zu
1567 2588 1657 2624 weit

910 2648 1082 2720 gxqggenh·
1109 2684 1310 2719 intolerans
1334 2683 1405 2719 mit
1430 2683 1514 2718 dem
1540 2683 1656 2719 Gene-

912 2732 977 2775 tiv,
1005 2731 1073 2767 wie
1102 2734 1132 2775 1,
1154 2735 1196 2766 31
1224 2731 1298 2766 und
1325 2731 1432 2775 oster,
1459 2730 1555 2766 doch
1581 2732 1658 2766 erst

912 2779 952 2814 in
983 2779 1055 2814 den
1085 2778 1275 2824 grosseren
1300 2777 1481 2821 Werken;
1517 2777 1655 2814 ausser-

913 2827 998 2861 dem
1023 2837 1093 2861 nur
1119 2826 1178 2861 bei
1203 2824 1339 2861 Livius.
1390 2825 1538 2862 Ebenso
1568 2826 1655 2862 tole—

912 2884 1002 2910 rans
1028 2884 1110 2909 ann.
1132 2877 1165 2918 4,
1189 2877 1219 2910 1.
