1806 3120
595 109 742 146 LIBER
758 110 803 146 Π.
848 109 952 146 CAP.
977 114 1129 146 57—59.
1559 109 1642 152 131

85 235 208 264 rarus
239 220 286 262 in
316 219 525 262 tribunali
550 217 748 262 Caesaris
773 217 888 273 Piso,
913 220 956 260 et
989 218 1025 260 si
1056 217 1225 273 quando
1258 217 1489 272 adsideret,
1521 220 1645 260 atrox

85 294 136 323 ac
165 279 393 322 dissentire
424 278 692 321 manifestus.
752 292 837 320 vox
869 292 1038 333 quoque
1071 278 1162 320 eius
1195 277 1342 319 audita
1374 280 1438 319 est
1468 278 1512 319 in
1545 292 1641 319 con-

84 339 217 392 vivio,
257 352 352 380 cum
394 337 507 393 apud
544 351 690 393 regem
720 335 1045 380 Nabataeorum
1084 351 1266 380 coronae
1297 351 1451 379 aureae
1484 350 1643 391 magno

82 398 270 454 pondere
296 396 473 440 Caesari
499 400 542 439 et
566 396 848 453 Agrippinae,
873 397 991 439 leves
1017 396 1163 439 Pisoni
1194 399 1237 438 et
1262 396 1416 438 ceteris
1443 396 1643 438 offerren-
1671 406 1713 438 15

82 460 171 512 tur,
202 457 408 512 principis
439 456 643 511 Romani,
673 470 761 498 non
792 455 943 498 Parthi
974 456 1090 512 regis
1122 455 1213 498 filio
1247 470 1318 498 eas
1352 455 1501 510 epulas
1534 455 1643 511 dari3

0 536 8 554 :
83 516 324 572 abiecitque
364 516 493 558 simul
537 530 739 558 coronam
783 517 827 557 et
868 515 1008 557 multa
1043 516 1089 557 in
1127 516 1272 558 luxum
1312 515 1493 567 addidit,
1535 530 1644 571 quae

82 574 337 618 Germanico
371 589 631 631 quamquam
663 574 817 617 acerba
846 575 1145 617 tolerabantur
1175 577 1335 617 tamen.

199 634 319 677 Inter
362 649 471 690 quae
509 635 563 676 ab
607 648 707 690 rege
744 633 1003 676 Parthorum
1041 635 1264 677 Artabano
1303 634 1438 690 legati
1476 648 1642 677 venere.
1657 633 1712 676 58

82 693 262 743 miserat
293 693 528 736 amicitiam
561 708 610 736 ac
641 693 791 735 foedus
823 697 1154 748 memoraturos,
1187 696 1230 736 et
1260 708 1413 748 cupere
1444 695 1643 736 renovari

82 753 276 808 dextras,
319 754 603 809 daturumque
645 753 802 795 honori
840 751 1087 796 Germanici
1130 757 1179 795 ut
1220 754 1360 808 ripam
1402 752 1642 809 Euphratis

82 812 319 856 accederet:
355 815 502 869 petere
539 812 711 855 interim
743 827 797 854 ne
827 811 1032 855 Vonones
1070 813 1116 855 in
1148 812 1274 855 Suria
1304 813 1536 855 haberetur
1558 827 1643 855 neu

80 886 278 927 proceres
321 873 514 928 gentium
558 872 811 928 propinquis
854 873 1017 914 nuntiis
1059 872 1113 914 ad
1156 873 1392 915 discordias
1435 872 1643 915 traheret.
1668 882 1689 914 5

83 931 138 974 ad
180 946 231 974 ea
274 931 557 975 Germanicus
613 931 664 973 (16
716 932 921 974 societate
964 931 1258 974 Romanorum
1302 931 1644 987 Parthorumque

81 991 323 1047 magnifice,
354 991 405 1033 de
432 991 619 1034 adventu
650 991 766 1046 regis
798 994 842 1032 et
874 991 991 1033 cultu
1022 992 1090 1033 sui
1121 1006 1219 1033 cum
1250 991 1400 1033 decore
1426 1006 1476 1034 ac
1500 991 1643 1034 mode-

81 1051 167 1093 stia
215 1051 450 1107 respondit.
523 1050 728 1092 Vonones
775 1049 1118 1106 Pompeiopolim
1162 1049 1337 1094 Ciliciae
1381 1051 1643 1093 maritimam

78 1110 230 1152 urbem
274 1114 444 1152 amotus
489 1113 565 1151 est.
640 1109 788 1151 datum
824 1109 868 1151 id
904 1125 991 1152 non
1029 1110 1157 1152 modo
1194 1110 1396 1165 precibus
1428 1110 1643 1152 Artabani

82 1169 156 1211 sed
182 1170 467 1212 contumeliae
486 1169 671 1223 Pisonis,
692 1168 760 1211 cui
786 1168 1061 1224 gratissimus
1089 1172 1181 1211 erat
1206 1170 1261 1212 ob
1287 1169 1475 1224 plurima
1500 1169 1643 1212 officia
1670 1179 1713 1212 10

82 1231 126 1271 et
157 1228 287 1284 dona,
318 1228 474 1284 quibus
506 1228 759 1270 Plancinam
790 1228 1049 1271 devinxerat.

199 1287 256 1331 M.
289 1286 436 1330 Silano
466 1287 513 1330 L.
544 1286 751 1330 Norbano
790 1288 1042 1330 consulibus
1074 1287 1353 1330 Germanicus
1385 1287 1640 1355 Aegyptum
1655 1287 1711 1330 59

80 1347 370 1402 proficiscitur
412 1346 732 1403 cognoscendae
773 1347 1058 1403 antiquitatis.
1131 1347 1204 1389 sed
1249 1362 1351 1390 cura
1394 1347 1642 1402 provinciae

79 1407 452 1462 praetendebatur,
476 1405 720 1462 levavitque
747 1407 908 1462 apertis
932 1407 1098 1449 horreis
1124 1407 1264 1462 pretia
1287 1406 1462 1462 frugum
1487 1407 1641 1449 multa-

81 1479 162 1521 que
198 1465 244 1508 in
275 1466 431 1521 vulgus
472 1470 600 1522 grata
635 1465 877 1520 usurpavit:
918 1466 1010 1509 sine
1042 1466 1180 1508 milite
1211 1466 1428 1518 incedere,
1459 1467 1641 1522 pedibus

78 1525 252 1568 intectis
284 1528 328 1568 et
357 1525 452 1580 pari
484 1540 582 1568 cum
612 1524 786 1567 Graecis
818 1526 990 1580 amictu,
1020 1525 1065 1568 P.
1092 1524 1306 1581 Scipionis
1340 1526 1641 1581 aemulatione,
1667 1536 1688 1567 5

79 1598 205 1640 quem
249 1583 397 1627 eadem
445 1584 714 1627 factitavisse
764 1585 878 1640 apud
923 1584 1132 1637 Siciliam,
1182 1586 1379 1641 quamvis
1428 1585 1641 1642 flagrante

79 1643 216 1687 adhuc
234 1643 479 1687 Poenorum
499 1644 629 1698 bello,
651 1644 906 1700 accepimus.
937 1644 1135 1687 Tiberius
1156 1645 1275 1687 cultu
1293 1645 1530 1700 habituque
1550 1646 1640 1688 eius

78 1701 248 1746 lenibus
280 1704 424 1746 verbis
455 1703 699 1759 perstricto,
731 1703 935 1746 acerrime
967 1705 1180 1761 increpuit
1205 1704 1319 1760 quod
1344 1708 1495 1747 contra
1518 1704 1640 1747 insti-

76 1764 172 1804 tuta
221 1762 411 1820 Augusti
461 1777 550 1805 non
599 1765 754 1818 sponte
795 1762 1004 1819 principis
1048 1764 1356 1806 Alexandriam
1404 1764 1639 1807 introisset.

77 1835 180 1864 nam
225 1823 447 1879 Augustus
496 1823 610 1864 inter
659 1822 744 1864 alia
788 1823 1097 1866 dominationis
1148 1837 1321 1879 arcana,
1366 1823 1512 1866 vetitis
1552 1823 1639 1866 nisi
1666 1834 1710 1866 10

893 1950 1038 1996 Wegen
1076 1950 1141 1986 des
1178 1952 1423 1986 Accusativus
1457 1952 1579 1997 ripam
1612 1963 1640 1987 6.

77 1960 169 1995 quae
201 1950 252 1984 ist
289 1950 370 1986 61116
403 1950 510 1985 nicht
540 1949 681 1986 seltene
705 1941 820 1985 llber-

894 1997 989 2035 Einl.
1016 2002 1048 2041 §-
1074 2002 1131 2042 25,
1158 2008 1189 2034 c.

77 1997 292 2042 gangsform
329 1997 390 2033 bei
426 1997 596 2041 Tacitus,
632 1996 699 2032 der
732 1997 822 2032 aber

77 2044 139 2079 nie
152 2048 306 2098 postque
330 2044 546 2098 gebraucht,
565 2055 642 2080 was
662 2043 743 2079 hier
761 2044 821 2080 die

77 2091 529 2183 tha‘iscssssiifsslfftffl
553 2138 638 2174 dem
656 2138 820 2174 Infinifiv

76 2197 146 2221 nur
170 2187 267 2222 noch
291 2186 381 2223 dial.
408 2190 464 2222 16.
499 2185 593 2222 Stat.
621 2186 736 2221 Theb.
765 2189 821 2232 10,

0 2236 10 2263 ¹:
78 2236 146 2270 ¹159
171 2234 248 2269 und
271 2234 311 2269 in
336 2234 408 2270 den
433 2233 622 2280 Digesten.

126 2284 180 2316 14.
219 2281 289 2317 Die
302 2281 337 2317 N
339 2281 494 2318 abataer
512 2281 594 2317 sind
612 2281 673 2317 ein
682 2281 819 2316 Noma-

80 2327 175 2365 denv
180 2328 264 2364 olk·
254 2341 306 2365 im
323 2329 635 2365 nordwestlichen
644 2327 818 2364 Arabien.

0 2394 2 2397 >
126 2380 180 2412 16.
221 2376 357 2413 Parthi
385 2378 491 2423 reyis,
516 2376 586 2412 wie
611 2387 677 2412 rex
695 2376 821 2412 Perses

0 2433 6 2457 ;
79 2423 141 2459 1161
169 2422 252 2470 Nep
256 2435 314 2468 0⁸3
339 2424 401 2460 bei
426 2423 554 2459 Casar:
587 2425 721 2469 equites
738 2423 820 2458 Nu-

75 2472 196 2507 midae
219 2472 295 2507 und
328 2471 431 2508 Galli
460 2473 592 2517 equites
622 2471 698 2506 und
729 2471 820 2506 ’31111-

75 2517 194 2554 liches
218 2518 280 2554 bei
304 2518 434 2555 Livius
458 2519 535 2554 und
558 2518 748 2554 Dichtern.

0 2578 6 2619 ξ
123 2564 186 2601 58.
215 2571 245 2601 1.
277 2557 378 2602 'Uber
407 2566 620 2602 Artabanus
651 2578 677 2603 6.
705 2577 761 2611 cp.
787 2569 820 2601 3.

0 2629 11 2667 ἱ
75 2613 209 2696 1111214.
228 2661 371 2706 foedus,
426 2660 590 2696 namlieh
638 2660 821 2696 zwischen

6 2691 9 2694 ’
76 2706 134 2742 Au
161 2708 266 2744 ustus
298 2708 375 2743 und
410 2707 590 2744 Phraates
624 2708 675 2743 im
708 2707 741 2745 J.
774 2711 820 2743 20

76 2765 112 2789 v.
167 2756 221 2791 hr.
270 2755 357 2801 Vgl.
383 2766 428 2790 zu
454 2767 509 2801 cp.
540 2760 570 2791 1.

125 2806 157 2838 3.
212 2803 360 2838 dextras
408 2803 500 2838 statt
542 2803 686 2846 foedus,
736 2802 819 2838 eine

0 2869 3 2878 ›
77 2847 203 2885 ki'ihne
226 2850 434 2896 Metapher‚
458 2850 528 2885 wie
549 2849 650 2896 Virg.
671 2851 763 2885 Aen.
785 2853 817 2894 6,

80 2898 148 2931 613
173 2897 400 2934 dominorum
430 2898 558 2941 fallere
588 2898 746 2935 dextras.
774 2917 817 2923 —

942 2055 974 2087 5.
1023 2052 1179 2087 traheret
1204 2050 1407 2095 „verleiten
1433 2051 1574 2087 liesse“.

941 2110 1004 2146 59.
1042 2114 1073 2147 1.
1112 2109 1260 2146 Silanus
1279 2110 1382 2146 ward
1408 2111 1534 2156 spater
1551 2110 1640 2146 Pro-

893 2157 1029 2193 konsul
1065 2168 1140 2194 von
1170 2156 1314 2193 Afrika.
1374 2158 1446 2193 Ein
1484 2158 1641 2194 andei-er

893 2205 1087 2241 desselben
1119 2204 1285 2240 Namens
1317 2205 1410 2241 wird
1434 2210 1475 2249 3,
1500 2209 1547 2241 24
1575 2216 1639 2252 ge—

890 2254 1018 2288 nannt.
1040 2273 1084 2278 —
1104 2253 1157 2288 Zu
1175 2253 1261 2288 dem
1281 2253 1411 2289 Aecus.
1432 2254 1639 2300 Aeqyptum

890 2300 968 2346 vgl.
994 2299 1088 2336 Einl.
1115 2303 1147 2344 ξ.
1173 2304 1230 2336 23.

939 2357 972 2388 2.
1022 2355 1295 2399 coqmscendae.
1345 2345 1446 2389 Uber
1470 2353 1542 2389 den
1567 2352 1639 2390 Ge-

891 2401 995 2437 netiv
1021 2414 1047 2437 6.
1073 2401 1169 2437 Ε1111.
1196 2405 1227 2445 ἓ.
1257 2405 1335 2437 108.

941 2464 973 2496 5.
1023 2460 1091 2496 Β61
1115 2461 1258 2496 intectis
1290 2460 1341 2496 ist
1366 2471 1414 2495 an
1439 2459 1639 2505 8311113163,

894 2507 955 2543 bei
982 2509 1119 2544 amictu
1138 2519 1184 2543 an
1211 2507 1277 2543 das
1295 2507 1455 2543 Pallium
1481 2519 1526 2542 zu
1551 2506 1639 2543 den-

893 2554 976 2590 ken.
1012 2575 1056 2581 —
1094 2556 1249 2591 intectus
1281 2555 1378 2590 nach
1404 2554 1546 2590 Sallust
1578 2554 1640 2590 bei

894 2601 981 2638 Tac.
1006 2602 1083 2637 und
1109 2603 1299 2648 Sp’ateren.

942 2658 974 2690 9.
1023 2659 1148 2700 sponte
1171 2656 1243 2690 mit
1261 2655 1346 2690 dem
1366 2653 1534 2699 Genetiv‚
1564 2655 1640 2690 eret

892 2702 944 2737 im
966 2702 1152 2738 silbernen
1170 2702 1321 2746 Latein,
1350 2714 1379 2737 z.
1402 2702 1440 2736 B.
1468 2702 1528 2737 bei
1553 2701 1638 2737 dem

892 2750 1035 2784 'alteren
1053 2748 1196 2785 Plinius
1215 2749 1291 2784 und
1315 2748 1452 2793 Lucan,
1478 2749 1546 2784 hat
1569 2748 1638 2785 Ta-

892 2795 988 2832 citus
1016 2796 1124 2840 ofter‚
1149 2797 1239 2832 aber
1264 2809 1333 2832 nur
1357 2796 1396 2832 in
1422 2796 1494 2832 den
1512 2795 1638 2832 Histo-

890 2844 971 2880 rien
995 2844 1071 2879 und
1095 2843 1276 2880 Annalen.

941 2901 994 2933 10.
1045 2909 1185 2934 arcana
1210 2897 1284 2944 vgl.
1310 2910 1355 2934 zu
1383 2908 1441 2943 cp.
1468 2900 1525 2932 36.

1307 2955 1356 2992 9*
