<?xml version="1.0" encoding="UTF-8"?>
<!DOCTYPE html PUBLIC "-//W3C//DTD XHTML 1.0 Transitional//EN"
    "http://www.w3.org/TR/xhtml1/DTD/xhtml1-transitional.dtd">
<html xmlns="http://www.w3.org/1999/xhtml" xml:lang="en" lang="en">
 <head>
  <title>
</title>
<meta http-equiv="Content-Type" content="text/html;charset=utf-8" />
  <meta name='ocr-system' content='tesseract 3.04.00' />
  <meta name='ocr-capabilities' content='ocr_page ocr_carea ocr_par ocr_line ocrx_word'/>
</head>
<body>
  <div class='ocr_page' id='page_1' title='image "./dieannalen01taciuoft_0117.png"; bbox 0 0 1794 3094; ppageno 0'>
   <div class='ocr_carea' id='block_1_1' title="bbox 561 110 1614 154">
    <p class='ocr_par' dir='ltr' id='par_1_1' title="bbox 561 110 1614 154">
     <span class='ocr_line' id='line_1_1' title="bbox 561 110 1614 154; baseline 0.007 -7"><span class='ocrx_word' id='word_1_1' title='bbox 561 111 709 148; x_wconf 79' lang='lat' dir='ltr'>LIBER</span> <span class='ocrx_word' id='word_1_2' title='bbox 731 110 777 148; x_wconf 81' lang='lat' dir='ltr'><strong>IL</strong></span> <span class='ocrx_word' id='word_1_3' title='bbox 827 110 929 147; x_wconf 79' lang='lat' dir='ltr'>GAP.</span> <span class='ocrx_word' id='word_1_4' title='bbox 958 114 1110 148; x_wconf 86' lang='lat'>15—18.</span> <span class='ocrx_word' id='word_1_5' title='bbox 1529 112 1614 154; x_wconf 82' lang='lat'><strong>105</strong></span> 
     </span>
    </p>
   </div>
   <div class='ocr_carea' id='block_1_2' title="bbox 49 219 1689 1812">
    <p class='ocr_par' dir='ltr' id='par_1_2' title="bbox 53 219 1618 395">
     <span class='ocr_line' id='line_1_2' title="bbox 53 219 1616 276; baseline -0.002 -12"><span class='ocrx_word' id='word_1_6' title='bbox 53 221 234 264; x_wconf 89' lang='lat' dir='ltr'><strong>totidem</strong></span> <span class='ocrx_word' id='word_1_7' title='bbox 265 221 375 263; x_wconf 85' lang='lat' dir='ltr'><strong>aliae</strong></span> <span class='ocrx_word' id='word_1_8' title='bbox 399 220 594 276; x_wconf 86' lang='lat' dir='ltr'>legiones</span> <span class='ocrx_word' id='word_1_9' title='bbox 621 222 664 262; x_wconf 88' lang='lat' dir='ltr'><strong>et</strong></span> <span class='ocrx_word' id='word_1_10' title='bbox 693 219 801 262; x_wconf 87' lang='lat' dir='ltr'><strong>levis</strong></span> <span class='ocrx_word' id='word_1_11' title='bbox 828 221 1049 262; x_wconf 88' lang='lat' dir='ltr'><strong>armatura</strong></span> <span class='ocrx_word' id='word_1_12' title='bbox 1080 234 1178 262; x_wconf 90' lang='lat' dir='ltr'><strong>cum</strong></span> <span class='ocrx_word' id='word_1_13' title='bbox 1210 219 1353 274; x_wconf 91' lang='lat' dir='ltr'><strong>equite</strong></span> <span class='ocrx_word' id='word_1_14' title='bbox 1385 220 1616 274; x_wconf 88' lang='lat' dir='ltr'><strong>sagittario</strong></span> 
     </span>
     <span class='ocr_line' id='line_1_3' title="bbox 53 278 1618 336; baseline -0.003 -12"><span class='ocrx_word' id='word_1_15' title='bbox 53 284 301 336; x_wconf 79' lang='lat' dir='ltr'><strong>ceteraeque</strong></span> <span class='ocrx_word' id='word_1_16' title='bbox 332 279 546 322; x_wconf 88' lang='lat' dir='ltr'><strong>sociorum</strong></span> <span class='ocrx_word' id='word_1_17' title='bbox 583 278 795 321; x_wconf 81' lang='lat' dir='ltr'><strong>cohortes.</strong></span> <span class='ocrx_word' id='word_1_18' title='bbox 863 279 1056 321; x_wconf 88' lang='lat' dir='ltr'><strong>intentus</strong></span> <span class='ocrx_word' id='word_1_19' title='bbox 1093 281 1356 334; x_wconf 88' lang='lat' dir='ltr'><strong>paratusque</strong></span> <span class='ocrx_word' id='word_1_20' title='bbox 1394 278 1537 331; x_wconf 90' lang='lat' dir='ltr'><strong>miles,</strong></span> <span class='ocrx_word' id='word_1_21' title='bbox 1568 282 1618 320; x_wconf 90' lang='lat' dir='ltr'><strong>ut</strong></span> 
     </span>
     <span class='ocr_line' id='line_1_4' title="bbox 54 337 897 395; baseline -0.005 -12"><span class='ocrx_word' id='word_1_22' title='bbox 54 341 159 383; x_wconf 91' lang='lat' dir='ltr'><strong>ordo</strong></span> <span class='ocrx_word' id='word_1_23' title='bbox 191 338 378 395; x_wconf 85' lang='lat' dir='ltr'><strong>agminis</strong></span> <span class='ocrx_word' id='word_1_24' title='bbox 410 338 456 379; x_wconf 91' lang='lat' dir='ltr'><strong>in</strong></span> <span class='ocrx_word' id='word_1_25' title='bbox 488 337 625 380; x_wconf 83' lang='lat' dir='ltr'><strong>aciem</strong></span> <span class='ocrx_word' id='word_1_26' title='bbox 656 337 897 380; x_wconf 77' lang='lat' dir='ltr'><strong>adsisteret.</strong></span> 
     </span>
    </p>

    <p class='ocr_par' dir='ltr' id='par_1_3' title="bbox 49 395 1687 1695">
     <span class='ocr_line' id='line_1_5' title="bbox 171 395 1687 452; baseline -0.001 -12"><span class='ocrx_word' id='word_1_27' title='bbox 171 397 291 440; x_wconf 88' lang='lat' dir='ltr'><strong>Visis</strong></span> <span class='ocrx_word' id='word_1_28' title='bbox 330 395 645 440; x_wconf 86' lang='lat' dir='ltr'><strong>Cheruscorum</strong></span> <span class='ocrx_word' id='word_1_29' title='bbox 689 397 897 451; x_wconf 83' lang='lat' dir='ltr'><strong>catervis,</strong></span> <span class='ocrx_word' id='word_1_30' title='bbox 940 411 1049 452; x_wconf 89' lang='lat' dir='ltr'><strong>quae</strong></span> <span class='ocrx_word' id='word_1_31' title='bbox 1100 411 1176 451; x_wconf 91' lang='lat' dir='ltr'><strong>per</strong></span> <span class='ocrx_word' id='word_1_32' title='bbox 1220 395 1426 439; x_wconf 83' lang='lat' dir='ltr'><strong>ferociam</strong></span> <span class='ocrx_word' id='word_1_33' title='bbox 1467 411 1616 451; x_wconf 90' lang='lat' dir='ltr'><strong>proru-</strong></span> <span class='ocrx_word' id='word_1_34' title='bbox 1636 398 1687 439; x_wconf 78' lang='lat'><strong>17</strong></span> 
     </span>
     <span class='ocr_line' id='line_1_6' title="bbox 51 454 1617 514; baseline -0.001 -15"><span class='ocrx_word' id='word_1_35' title='bbox 51 459 228 514; x_wconf 89' lang='lat' dir='ltr'><strong>perant,</strong></span> <span class='ocrx_word' id='word_1_36' title='bbox 258 455 551 499; x_wconf 85' lang='lat' dir='ltr'><strong>validissimos</strong></span> <span class='ocrx_word' id='word_1_37' title='bbox 584 456 779 511; x_wconf 89' lang='lat' dir='ltr'><strong>equitum</strong></span> <span class='ocrx_word' id='word_1_38' title='bbox 816 456 1035 498; x_wconf 90' lang='lat' dir='ltr'><strong>incurrere</strong></span> <span class='ocrx_word' id='word_1_39' title='bbox 1066 456 1199 510; x_wconf 83' lang='lat' dir='ltr'><strong>latus,</strong></span> <span class='ocrx_word' id='word_1_40' title='bbox 1237 454 1491 498; x_wconf 85' lang='lat' dir='ltr'><strong>Stertinium</strong></span> <span class='ocrx_word' id='word_1_41' title='bbox 1523 470 1617 497; x_wconf 92' lang='lat' dir='ltr'><strong>cum</strong></span> 
     </span>
     <span class='ocr_line' id='line_1_7' title="bbox 54 515 1619 570; baseline -0.003 -10"><span class='ocrx_word' id='word_1_42' title='bbox 54 517 208 560; x_wconf 87' lang='lat' dir='ltr'><strong>ceteris</strong></span> <span class='ocrx_word' id='word_1_43' title='bbox 251 516 408 557; x_wconf 87' lang='lat' dir='ltr'><strong>turmis</strong></span> <span class='ocrx_word' id='word_1_44' title='bbox 452 515 736 570; x_wconf 87' lang='lat' dir='ltr'><strong>circumgredi</strong></span> <span class='ocrx_word' id='word_1_45' title='bbox 778 518 987 570; x_wconf 89' lang='lat' dir='ltr'><strong>tergaque</strong></span> <span class='ocrx_word' id='word_1_46' title='bbox 1030 515 1234 557; x_wconf 86' lang='lat' dir='ltr'><strong>invadere</strong></span> <span class='ocrx_word' id='word_1_47' title='bbox 1270 515 1412 569; x_wconf 87' lang='lat' dir='ltr'><strong>iubet,</strong></span> <span class='ocrx_word' id='word_1_48' title='bbox 1449 515 1619 569; x_wconf 85' lang='lat' dir='ltr'><strong>ipsein</strong></span> 
     </span>
     <span class='ocr_line' id='line_1_8' title="bbox 52 573 1618 631; baseline -0.002 -13"><span class='ocrx_word' id='word_1_49' title='bbox 52 579 248 631; x_wconf 88' lang='lat' dir='ltr'><strong>tempore</strong></span> <span class='ocrx_word' id='word_1_50' title='bbox 274 575 511 617; x_wconf 85' lang='lat' dir='ltr'><strong>adfuturus.</strong></span> <span class='ocrx_word' id='word_1_51' title='bbox 554 575 720 616; x_wconf 87' lang='lat' dir='ltr'><strong>interea</strong></span> <span class='ocrx_word' id='word_1_52' title='bbox 744 573 1082 629; x_wconf 89' lang='lat' dir='ltr'><strong>pulcherrimum</strong></span> <span class='ocrx_word' id='word_1_53' title='bbox 1110 574 1350 629; x_wconf 85' lang='lat' dir='ltr'><strong>augurium,</strong></span> <span class='ocrx_word' id='word_1_54' title='bbox 1375 576 1473 616; x_wconf 92' lang='lat' dir='ltr'><strong>octo</strong></span> <span class='ocrx_word' id='word_1_55' title='bbox 1500 575 1618 629; x_wconf 88' lang='lat' dir='ltr'><strong>aqui-</strong></span> 
     </span>
     <span class='ocr_line' id='line_1_9' title="bbox 51 633 1653 690; baseline -0.002 -12"><span class='ocrx_word' id='word_1_56' title='bbox 51 636 119 678; x_wconf 84' lang='lat' dir='ltr'><strong>lae</strong></span> <span class='ocrx_word' id='word_1_57' title='bbox 154 638 300 690; x_wconf 92' lang='lat' dir='ltr'><strong>petere</strong></span> <span class='ocrx_word' id='word_1_58' title='bbox 334 634 464 676; x_wconf 86' lang='lat' dir='ltr'><strong>silvas</strong></span> <span class='ocrx_word' id='word_1_59' title='bbox 497 636 540 675; x_wconf 90' lang='lat' dir='ltr'><strong>et</strong></span> <span class='ocrx_word' id='word_1_60' title='bbox 569 634 731 676; x_wconf 90' lang='lat' dir='ltr'><strong>intrare</strong></span> <span class='ocrx_word' id='word_1_61' title='bbox 763 634 878 675; x_wconf 90' lang='lat' dir='ltr'><strong>visae</strong></span> <span class='ocrx_word' id='word_1_62' title='bbox 910 634 1215 688; x_wconf 86' lang='lat' dir='ltr'><strong>imperatorem</strong></span> <span class='ocrx_word' id='word_1_63' title='bbox 1249 633 1484 675; x_wconf 87' lang='lat' dir='ltr'><strong>advertere.</strong></span> <span class='ocrx_word' id='word_1_64' title='bbox 1547 647 1615 675; x_wconf 86' lang='lat' dir='ltr'><strong>ex·</strong></span> <span class='ocrx_word' id='word_1_65' title='bbox 1633 643 1653 675; x_wconf 84' lang='lat'>5</span> 
     </span>
     <span class='ocr_line' id='line_1_10' title="bbox 52 692 1620 748; baseline -0.003 -11"><span class='ocrx_word' id='word_1_66' title='bbox 52 695 211 737; x_wconf 84' lang='lat' dir='ltr'><strong>clamat</strong></span> <span class='ocrx_word' id='word_1_67' title='bbox 253 694 384 748; x_wconf 87' lang='lat' dir='ltr'><strong>irent,</strong></span> <span class='ocrx_word' id='word_1_68' title='bbox 428 697 710 748; x_wconf 88' lang='lat' dir='ltr'><strong>sequerentur</strong></span> <span class='ocrx_word' id='word_1_69' title='bbox 748 692 968 735; x_wconf 88' lang='lat' dir='ltr'><strong>Romanas</strong></span> <span class='ocrx_word' id='word_1_70' title='bbox 1018 707 1138 748; x_wconf 87' lang='lat' dir='ltr'><strong>aves,</strong></span> <span class='ocrx_word' id='word_1_71' title='bbox 1179 693 1357 747; x_wconf 86' lang='lat' dir='ltr'><strong>propria</strong></span> <span class='ocrx_word' id='word_1_72' title='bbox 1399 692 1620 748; x_wconf 91' lang='lat' dir='ltr'><strong>legionum</strong></span> 
     </span>
     <span class='ocr_line' id='line_1_11' title="bbox 51 751 1620 807; baseline -0.002 -12"><span class='ocrx_word' id='word_1_73' title='bbox 51 754 243 796; x_wconf 89' lang='lat' dir='ltr'><strong>numina.</strong></span> <span class='ocrx_word' id='word_1_74' title='bbox 317 753 444 794; x_wconf 86' lang='lat' dir='ltr'><strong>simul</strong></span> <span class='ocrx_word' id='word_1_75' title='bbox 480 752 693 807; x_wconf 88' lang='lat' dir='ltr'><strong>pedestris</strong></span> <span class='ocrx_word' id='word_1_76' title='bbox 732 752 846 794; x_wconf 88' lang='lat' dir='ltr'><strong>acies</strong></span> <span class='ocrx_word' id='word_1_77' title='bbox 883 751 1067 794; x_wconf 88' lang='lat' dir='ltr'><strong>infertur</strong></span> <span class='ocrx_word' id='word_1_78' title='bbox 1105 755 1149 793; x_wconf 88' lang='lat' dir='ltr'><strong>et</strong></span> <span class='ocrx_word' id='word_1_79' title='bbox 1184 752 1447 806; x_wconf 88' lang='lat' dir='ltr'><strong>praemissus</strong></span> <span class='ocrx_word' id='word_1_80' title='bbox 1489 766 1620 806; x_wconf 91' lang='lat' dir='ltr'><strong>eques</strong></span> 
     </span>
     <span class='ocr_line' id='line_1_12' title="bbox 50 810 1620 869; baseline -0.003 -14"><span class='ocrx_word' id='word_1_81' title='bbox 50 815 296 869; x_wconf 88' lang='lat' dir='ltr'><strong>postremos</strong></span> <span class='ocrx_word' id='word_1_82' title='bbox 335 826 384 854; x_wconf 89' lang='lat' dir='ltr'><strong>ac</strong></span> <span class='ocrx_word' id='word_1_83' title='bbox 420 812 559 853; x_wconf 89' lang='lat' dir='ltr'><strong>latera</strong></span> <span class='ocrx_word' id='word_1_84' title='bbox 595 811 779 866; x_wconf 86' lang='lat' dir='ltr'><strong>impulit.</strong></span> <span class='ocrx_word' id='word_1_85' title='bbox 848 812 1089 867; x_wconf 90' lang='lat' dir='ltr'><strong>mirumque</strong></span> <span class='ocrx_word' id='word_1_86' title='bbox 1127 811 1262 864; x_wconf 89' lang='lat' dir='ltr'><strong>dictu,</strong></span> <span class='ocrx_word' id='word_1_87' title='bbox 1300 810 1384 853; x_wconf 90' lang='lat' dir='ltr'><strong>duo</strong></span> <span class='ocrx_word' id='word_1_88' title='bbox 1427 810 1620 852; x_wconf 88' lang='lat' dir='ltr'><strong>hostium</strong></span> 
     </span>
     <span class='ocr_line' id='line_1_13' title="bbox 52 870 1618 928; baseline -0.002 -14"><span class='ocrx_word' id='word_1_89' title='bbox 52 872 228 928; x_wconf 79' lang='lat' dir='ltr'><strong>agmina</strong></span> <span class='ocrx_word' id='word_1_90' title='bbox 272 871 440 913; x_wconf 87' lang='lat' dir='ltr'><strong>diversa</strong></span> <span class='ocrx_word' id='word_1_91' title='bbox 483 871 608 927; x_wconf 86' lang='lat' dir='ltr'><strong>fuga,</strong></span> <span class='ocrx_word' id='word_1_92' title='bbox 653 871 726 926; x_wconf 93' lang='lat' dir='ltr'><strong>qui</strong></span> <span class='ocrx_word' id='word_1_93' title='bbox 767 871 922 913; x_wconf 86' lang='lat' dir='ltr'><strong>silvam</strong></span> <span class='ocrx_word' id='word_1_94' title='bbox 964 873 1213 922; x_wconf 83' lang='lat' dir='ltr'><strong>tenuerant,</strong></span> <span class='ocrx_word' id='word_1_95' title='bbox 1250 870 1297 911; x_wconf 90' lang='lat' dir='ltr'><strong>in</strong></span> <span class='ocrx_word' id='word_1_96' title='bbox 1335 872 1504 925; x_wconf 84' lang='lat' dir='ltr'><strong>aperta,</strong></span> <span class='ocrx_word' id='word_1_97' title='bbox 1547 870 1618 925; x_wconf 89' lang='lat' dir='ltr'><strong>qui</strong></span> 
     </span>
     <span class='ocr_line' id='line_1_14' title="bbox 52 927 1679 986; baseline -0.002 -12"><span class='ocrx_word' id='word_1_98' title='bbox 52 932 214 986; x_wconf 89' lang='lat' dir='ltr'><strong>campis</strong></span> <span class='ocrx_word' id='word_1_99' title='bbox 247 929 524 984; x_wconf 86' lang='lat' dir='ltr'><strong>adstiterant,</strong></span> <span class='ocrx_word' id='word_1_100' title='bbox 561 930 607 971; x_wconf 88' lang='lat' dir='ltr'><strong>in</strong></span> <span class='ocrx_word' id='word_1_101' title='bbox 639 930 795 972; x_wconf 85' lang='lat' dir='ltr'><strong>silvam</strong></span> <span class='ocrx_word' id='word_1_102' title='bbox 826 930 1027 973; x_wconf 85' lang='lat' dir='ltr'><strong>ruebant.</strong></span> <span class='ocrx_word' id='word_1_103' title='bbox 1093 929 1223 971; x_wconf 89' lang='lat' dir='ltr'><strong>medii</strong></span> <span class='ocrx_word' id='word_1_104' title='bbox 1253 929 1368 971; x_wconf 89' lang='lat' dir='ltr'><strong>inter</strong></span> <span class='ocrx_word' id='word_1_105' title='bbox 1398 929 1478 971; x_wconf 87' lang='lat' dir='ltr'><strong>hos</strong></span> <span class='ocrx_word' id='word_1_106' title='bbox 1512 927 1616 971; x_wconf 88' lang='lat' dir='ltr'><strong>Che·</strong></span> <span class='ocrx_word' id='word_1_107' title='bbox 1634 940 1679 971; x_wconf 88' lang='lat'><strong>10</strong></span> 
     </span>
     <span class='ocr_line' id='line_1_15' title="bbox 49 988 1619 1044; baseline -0.002 -12"><span class='ocrx_word' id='word_1_108' title='bbox 49 991 166 1033; x_wconf 87' lang='lat' dir='ltr'><strong>rusci</strong></span> <span class='ocrx_word' id='word_1_109' title='bbox 191 989 374 1032; x_wconf 88' lang='lat' dir='ltr'><strong>collibus</strong></span> <span class='ocrx_word' id='word_1_110' title='bbox 400 989 748 1042; x_wconf 82' lang='lat' dir='ltr'><strong>detrudebantur,</strong></span> <span class='ocrx_word' id='word_1_111' title='bbox 766 989 881 1030; x_wconf 89' lang='lat' dir='ltr'><strong>inter</strong></span> <span class='ocrx_word' id='word_1_112' title='bbox 906 1003 1012 1042; x_wconf 90' lang='lat' dir='ltr'><strong>quos</strong></span> <span class='ocrx_word' id='word_1_113' title='bbox 1038 988 1222 1044; x_wconf 88' lang='lat' dir='ltr'><strong>insignis</strong></span> <span class='ocrx_word' id='word_1_114' title='bbox 1243 988 1467 1030; x_wconf 85' lang='lat' dir='ltr'><strong>Arminius</strong></span> <span class='ocrx_word' id='word_1_115' title='bbox 1487 1002 1619 1030; x_wconf 89' lang='lat' dir='ltr'><strong>manu</strong></span> 
     </span>
     <span class='ocr_line' id='line_1_16' title="bbox 51 1047 1620 1102; baseline -0.002 -11"><span class='ocrx_word' id='word_1_116' title='bbox 51 1064 154 1092; x_wconf 88' lang='lat' dir='ltr'><strong>voce</strong></span> <span class='ocrx_word' id='word_1_117' title='bbox 191 1050 366 1091; x_wconf 87' lang='lat' dir='ltr'><strong>vulnere</strong></span> <span class='ocrx_word' id='word_1_118' title='bbox 405 1049 681 1090; x_wconf 87' lang='lat' dir='ltr'><strong>sustentabat</strong></span> <span class='ocrx_word' id='word_1_119' title='bbox 716 1062 921 1102; x_wconf 88' lang='lat' dir='ltr'><strong>pugnam.</strong></span> <span class='ocrx_word' id='word_1_120' title='bbox 989 1048 1326 1102; x_wconf 86' lang='lat' dir='ltr'><strong>incubueratque</strong></span> <span class='ocrx_word' id='word_1_121' title='bbox 1367 1047 1620 1101; x_wconf 88' lang='lat' dir='ltr'><strong>sagittariis,</strong></span> 
     </span>
     <span class='ocr_line' id='line_1_17' title="bbox 51 1105 1620 1163; baseline -0.002 -13"><span class='ocrx_word' id='word_1_122' title='bbox 51 1109 128 1151; x_wconf 88' lang='lat' dir='ltr'><strong>illa</strong></span> <span class='ocrx_word' id='word_1_123' title='bbox 164 1110 393 1163; x_wconf 88' lang='lat' dir='ltr'><strong>rupturus,</strong></span> <span class='ocrx_word' id='word_1_124' title='bbox 430 1107 476 1149; x_wconf 90' lang='lat' dir='ltr'><strong>ni</strong></span> <span class='ocrx_word' id='word_1_125' title='bbox 511 1107 749 1149; x_wconf 83' lang='lat' dir='ltr'><strong>Raetorum</strong></span> <span class='ocrx_word' id='word_1_126' title='bbox 786 1106 1196 1162; x_wconf 90' lang='lat' dir='ltr'><strong>Vindelicorumque</strong></span> <span class='ocrx_word' id='word_1_127' title='bbox 1241 1110 1285 1148; x_wconf 91' lang='lat' dir='ltr'><strong>et</strong></span> <span class='ocrx_word' id='word_1_128' title='bbox 1321 1105 1512 1148; x_wconf 82' lang='lat' dir='ltr'><strong>Gallicae</strong></span> <span class='ocrx_word' id='word_1_129' title='bbox 1551 1120 1620 1148; x_wconf 88' lang='lat' dir='ltr'><strong>co-</strong></span> 
     </span>
     <span class='ocr_line' id='line_1_18' title="bbox 50 1165 1620 1222; baseline -0.002 -13"><span class='ocrx_word' id='word_1_130' title='bbox 50 1168 200 1210; x_wconf 88' lang='lat' dir='ltr'><strong>hortes</strong></span> <span class='ocrx_word' id='word_1_131' title='bbox 233 1167 358 1222; x_wconf 90' lang='lat' dir='ltr'><strong>signa</strong></span> <span class='ocrx_word' id='word_1_132' title='bbox 391 1166 661 1209; x_wconf 83' lang='lat' dir='ltr'><strong>obiecissent.</strong></span> <span class='ocrx_word' id='word_1_133' title='bbox 716 1166 815 1208; x_wconf 89' lang='lat' dir='ltr'><strong>nisu</strong></span> <span class='ocrx_word' id='word_1_134' title='bbox 847 1169 991 1208; x_wconf 82' lang='lat' dir='ltr'><strong>tamen</strong></span> <span class='ocrx_word' id='word_1_135' title='bbox 1024 1166 1215 1220; x_wconf 87' lang='lat' dir='ltr'><strong>corporis</strong></span> <span class='ocrx_word' id='word_1_136' title='bbox 1249 1169 1293 1208; x_wconf 89' lang='lat' dir='ltr'><strong>et</strong></span> <span class='ocrx_word' id='word_1_137' title='bbox 1323 1166 1490 1220; x_wconf 88' lang='lat' dir='ltr'><strong>impetu</strong></span> <span class='ocrx_word' id='word_1_138' title='bbox 1521 1165 1620 1220; x_wconf 88' lang='lat' dir='ltr'><strong>equi</strong></span> 
     </span>
     <span class='ocr_line' id='line_1_19' title="bbox 52 1224 1680 1282; baseline -0.001 -13"><span class='ocrx_word' id='word_1_139' title='bbox 52 1226 261 1282; x_wconf 90' lang='lat' dir='ltr'><strong>pervasit,</strong></span> <span class='ocrx_word' id='word_1_140' title='bbox 299 1226 461 1268; x_wconf 90' lang='lat' dir='ltr'><strong>oblitus</strong></span> <span class='ocrx_word' id='word_1_141' title='bbox 505 1225 661 1267; x_wconf 87' lang='lat' dir='ltr'><strong>faciem</strong></span> <span class='ocrx_word' id='word_1_142' title='bbox 699 1240 776 1267; x_wconf 89' lang='lat' dir='ltr'><strong>suo</strong></span> <span class='ocrx_word' id='word_1_143' title='bbox 816 1240 984 1280; x_wconf 88' lang='lat' dir='ltr'><strong>cruore,</strong></span> <span class='ocrx_word' id='word_1_144' title='bbox 1028 1239 1080 1267; x_wconf 91' lang='lat' dir='ltr'><strong>ne</strong></span> <span class='ocrx_word' id='word_1_145' title='bbox 1125 1227 1386 1267; x_wconf 87' lang='lat' dir='ltr'><strong>nosceretur.</strong></span> <span class='ocrx_word' id='word_1_146' title='bbox 1448 1224 1620 1278; x_wconf 85' lang='lat' dir='ltr'><strong>quidam</strong></span> <span class='ocrx_word' id='word_1_147' title='bbox 1636 1235 1680 1267; x_wconf 85' lang='lat'><strong>15</strong></span> 
     </span>
     <span class='ocr_line' id='line_1_20' title="bbox 53 1283 1620 1342; baseline -0.002 -15"><span class='ocrx_word' id='word_1_148' title='bbox 53 1286 279 1342; x_wconf 83' lang='lat' dir='ltr'><strong>adgnitum</strong></span> <span class='ocrx_word' id='word_1_149' title='bbox 313 1300 338 1327; x_wconf 92' lang='lat' dir='ltr'><strong>a</strong></span> <span class='ocrx_word' id='word_1_150' title='bbox 370 1283 553 1327; x_wconf 87' lang='lat' dir='ltr'><strong>Chaucis</strong></span> <span class='ocrx_word' id='word_1_151' title='bbox 579 1285 694 1326; x_wconf 89' lang='lat' dir='ltr'><strong>inter</strong></span> <span class='ocrx_word' id='word_1_152' title='bbox 726 1285 889 1326; x_wconf 84' lang='lat' dir='ltr'><strong>auxilia</strong></span> <span class='ocrx_word' id='word_1_153' title='bbox 915 1285 1115 1326; x_wconf 86' lang='lat' dir='ltr'><strong>Romana</strong></span> <span class='ocrx_word' id='word_1_154' title='bbox 1141 1284 1371 1338; x_wconf 86' lang='lat' dir='ltr'><strong>agentibus</strong></span> <span class='ocrx_word' id='word_1_155' title='bbox 1397 1283 1620 1325; x_wconf 88' lang='lat' dir='ltr'><strong>emissum-</strong></span> 
     </span>
     <span class='ocr_line' id='line_1_21' title="bbox 53 1342 1620 1400; baseline -0.003 -13"><span class='ocrx_word' id='word_1_156' title='bbox 53 1360 135 1400; x_wconf 91' lang='lat' dir='ltr'><strong>que</strong></span> <span class='ocrx_word' id='word_1_157' title='bbox 165 1344 447 1387; x_wconf 89' lang='lat' dir='ltr'><strong>tradiderunt.</strong></span> <span class='ocrx_word' id='word_1_158' title='bbox 507 1344 644 1386; x_wconf 87' lang='lat' dir='ltr'><strong>virtus</strong></span> <span class='ocrx_word' id='word_1_159' title='bbox 671 1358 746 1385; x_wconf 89' lang='lat' dir='ltr'><strong>seu</strong></span> <span class='ocrx_word' id='word_1_160' title='bbox 769 1343 890 1385; x_wconf 84' lang='lat' dir='ltr'><strong>fraus</strong></span> <span class='ocrx_word' id='word_1_161' title='bbox 923 1344 1072 1386; x_wconf 88' lang='lat' dir='ltr'><strong>eadem</strong></span> <span class='ocrx_word' id='word_1_162' title='bbox 1104 1343 1381 1399; x_wconf 89' lang='lat' dir='ltr'><strong>Inguiomero</strong></span> <span class='ocrx_word' id='word_1_163' title='bbox 1414 1342 1620 1397; x_wconf 85' lang='lat' dir='ltr'><strong>effugium</strong></span> 
     </span>
     <span class='ocr_line' id='line_1_22' title="bbox 53 1401 1620 1458; baseline -0.002 -12"><span class='ocrx_word' id='word_1_164' title='bbox 53 1404 185 1446; x_wconf 84' lang='lat' dir='ltr'><strong>dedit:</strong></span> <span class='ocrx_word' id='word_1_165' title='bbox 227 1403 359 1445; x_wconf 89' lang='lat' dir='ltr'><strong>ceteri</strong></span> <span class='ocrx_word' id='word_1_166' title='bbox 389 1403 553 1457; x_wconf 91' lang='lat' dir='ltr'><strong>passim</strong></span> <span class='ocrx_word' id='word_1_167' title='bbox 583 1403 800 1445; x_wconf 87' lang='lat' dir='ltr'><strong>trucidati.</strong></span> <span class='ocrx_word' id='word_1_168' title='bbox 856 1406 900 1445; x_wconf 87' lang='lat' dir='ltr'><strong>et</strong></span> <span class='ocrx_word' id='word_1_169' title='bbox 930 1404 1158 1458; x_wconf 89' lang='lat' dir='ltr'><strong>plerosque</strong></span> <span class='ocrx_word' id='word_1_170' title='bbox 1190 1408 1364 1444; x_wconf 86' lang='lat' dir='ltr'><strong>tranare</strong></span> <span class='ocrx_word' id='word_1_171' title='bbox 1395 1401 1620 1457; x_wconf 89' lang='lat' dir='ltr'><strong>Visurgim</strong></span> 
     </span>
     <span class='ocr_line' id='line_1_23' title="bbox 52 1461 1621 1517; baseline -0.002 -12"><span class='ocrx_word' id='word_1_172' title='bbox 52 1465 257 1506; x_wconf 88' lang='lat' dir='ltr'><strong>conantes</strong></span> <span class='ocrx_word' id='word_1_173' title='bbox 282 1462 440 1504; x_wconf 86' lang='lat' dir='ltr'><strong>iniecta</strong></span> <span class='ocrx_word' id='word_1_174' title='bbox 463 1462 552 1504; x_wconf 86' lang='lat' dir='ltr'><strong>tela</strong></span> <span class='ocrx_word' id='word_1_175' title='bbox 577 1464 652 1504; x_wconf 87' lang='lat' dir='ltr'><strong>aut</strong></span> <span class='ocrx_word' id='word_1_176' title='bbox 677 1463 744 1504; x_wconf 87' lang='lat' dir='ltr'><strong>vis</strong></span> <span class='ocrx_word' id='word_1_177' title='bbox 770 1462 976 1516; x_wconf 88' lang='lat' dir='ltr'><strong>fluminis,</strong></span> <span class='ocrx_word' id='word_1_178' title='bbox 995 1467 1214 1517; x_wconf 83' lang='lat' dir='ltr'><strong>postremo</strong></span> <span class='ocrx_word' id='word_1_179' title='bbox 1241 1462 1377 1504; x_wconf 88' lang='lat' dir='ltr'><strong>moles</strong></span> <span class='ocrx_word' id='word_1_180' title='bbox 1402 1461 1621 1503; x_wconf 83' lang='lat' dir='ltr'><strong>ruentium</strong></span> 
     </span>
     <span class='ocr_line' id='line_1_24' title="bbox 52 1520 1679 1576; baseline -0.002 -12"><span class='ocrx_word' id='word_1_181' title='bbox 52 1525 96 1565; x_wconf 89' lang='lat' dir='ltr'><strong>et</strong></span> <span class='ocrx_word' id='word_1_182' title='bbox 132 1522 368 1564; x_wconf 90' lang='lat' dir='ltr'><strong>incidentes</strong></span> <span class='ocrx_word' id='word_1_183' title='bbox 405 1522 526 1576; x_wconf 87' lang='lat' dir='ltr'><strong>ripae</strong></span> <span class='ocrx_word' id='word_1_184' title='bbox 565 1536 781 1576; x_wconf 88' lang='lat' dir='ltr'><strong>operuere.</strong></span> <span class='ocrx_word' id='word_1_185' title='bbox 856 1522 1034 1576; x_wconf 86' lang='lat' dir='ltr'><strong>quidam</strong></span> <span class='ocrx_word' id='word_1_186' title='bbox 1070 1522 1190 1576; x_wconf 91' lang='lat' dir='ltr'><strong>turpi</strong></span> <span class='ocrx_word' id='word_1_187' title='bbox 1226 1521 1332 1576; x_wconf 89' lang='lat' dir='ltr'><strong>fuga</strong></span> <span class='ocrx_word' id='word_1_188' title='bbox 1369 1520 1414 1562; x_wconf 91' lang='lat' dir='ltr'><strong>in</strong></span> <span class='ocrx_word' id='word_1_189' title='bbox 1452 1535 1620 1562; x_wconf 89' lang='lat' dir='ltr'><strong>summa</strong></span> <span class='ocrx_word' id='word_1_190' title='bbox 1633 1530 1679 1562; x_wconf 82' lang='lat'><strong>20</strong></span> 
     </span>
     <span class='ocr_line' id='line_1_25' title="bbox 52 1579 1620 1636; baseline -0.003 -12"><span class='ocrx_word' id='word_1_191' title='bbox 52 1581 258 1624; x_wconf 84' lang='lat' dir='ltr'><strong>arborum</strong></span> <span class='ocrx_word' id='word_1_192' title='bbox 288 1580 373 1622; x_wconf 87' lang='lat' dir='ltr'><strong>nisi</strong></span> <span class='ocrx_word' id='word_1_193' title='bbox 410 1580 628 1636; x_wconf 84' lang='lat' dir='ltr'><strong>ramisque</strong></span> <span class='ocrx_word' id='word_1_194' title='bbox 661 1596 706 1622; x_wconf 89' lang='lat' dir='ltr'><strong>se</strong></span> <span class='ocrx_word' id='word_1_195' title='bbox 739 1581 1006 1623; x_wconf 85' lang='lat' dir='ltr'><strong>occultantes</strong></span> <span class='ocrx_word' id='word_1_196' title='bbox 1048 1580 1234 1622; x_wconf 88' lang='lat' dir='ltr'><strong>admotis</strong></span> <span class='ocrx_word' id='word_1_197' title='bbox 1268 1579 1511 1635; x_wconf 87' lang='lat' dir='ltr'><strong>sagittariis</strong></span> <span class='ocrx_word' id='word_1_198' title='bbox 1542 1593 1620 1635; x_wconf 90' lang='lat' dir='ltr'><strong>per</strong></span> 
     </span>
     <span class='ocr_line' id='line_1_26' title="bbox 50 1639 1406 1695; baseline -0.002 -12"><span class='ocrx_word' id='word_1_199' title='bbox 50 1640 284 1683; x_wconf 90' lang='lat' dir='ltr'><strong>ludibrium</strong></span> <span class='ocrx_word' id='word_1_200' title='bbox 315 1640 577 1695; x_wconf 83' lang='lat' dir='ltr'><strong>figebantur,</strong></span> <span class='ocrx_word' id='word_1_201' title='bbox 609 1640 716 1682; x_wconf 90' lang='lat' dir='ltr'><strong>alios</strong></span> <span class='ocrx_word' id='word_1_202' title='bbox 747 1643 950 1695; x_wconf 89' lang='lat' dir='ltr'><strong>prorutae</strong></span> <span class='ocrx_word' id='word_1_203' title='bbox 982 1640 1156 1681; x_wconf 88' lang='lat' dir='ltr'><strong>arbores</strong></span> <span class='ocrx_word' id='word_1_204' title='bbox 1190 1639 1406 1681; x_wconf 85' lang='lat' dir='ltr'><strong>adflixere.</strong></span> 
     </span>
    </p>

    <p class='ocr_par' dir='ltr' id='par_1_4' title="bbox 53 1697 1689 1812">
     <span class='ocr_line' id='line_1_27' title="bbox 162 1697 1689 1755; baseline 0.001 -15"><span class='ocrx_word' id='word_1_205' title='bbox 162 1698 326 1754; x_wconf 86' lang='lat' dir='ltr'><strong>Magna</strong></span> <span class='ocrx_word' id='word_1_206' title='bbox 364 1713 414 1740; x_wconf 89' lang='lat' dir='ltr'><strong>ea</strong></span> <span class='ocrx_word' id='word_1_207' title='bbox 448 1699 630 1741; x_wconf 84' lang='lat' dir='ltr'><strong>victoria</strong></span> <span class='ocrx_word' id='word_1_208' title='bbox 667 1714 805 1755; x_wconf 89' lang='lat' dir='ltr'><strong>neque</strong></span> <span class='ocrx_word' id='word_1_209' title='bbox 848 1702 1027 1741; x_wconf 89' lang='lat' dir='ltr'><strong>cruenta</strong></span> <span class='ocrx_word' id='word_1_210' title='bbox 1057 1699 1181 1741; x_wconf 90' lang='lat' dir='ltr'><strong>nobis</strong></span> <span class='ocrx_word' id='word_1_211' title='bbox 1220 1698 1313 1741; x_wconf 89' lang='lat' dir='ltr'><strong>fuit.</strong></span> <span class='ocrx_word' id='word_1_212' title='bbox 1376 1698 1528 1753; x_wconf 87' lang='lat' dir='ltr'><strong>quinta</strong></span> <span class='ocrx_word' id='word_1_213' title='bbox 1561 1697 1614 1739; x_wconf 87' lang='lat' dir='ltr'><strong>ab</strong></span> <span class='ocrx_word' id='word_1_214' title='bbox 1634 1698 1689 1741; x_wconf 89' lang='lat'><strong>18</strong></span> 
     </span>
     <span class='ocr_line' id='line_1_28' title="bbox 53 1756 1622 1812; baseline -0.002 -11"><span class='ocrx_word' id='word_1_215' title='bbox 53 1758 161 1801; x_wconf 90' lang='lat' dir='ltr'><strong>hora</strong></span> <span class='ocrx_word' id='word_1_216' title='bbox 193 1758 279 1800; x_wconf 90' lang='lat' dir='ltr'><strong>diei</strong></span> <span class='ocrx_word' id='word_1_217' title='bbox 310 1758 363 1799; x_wconf 90' lang='lat' dir='ltr'><strong>ad</strong></span> <span class='ocrx_word' id='word_1_218' title='bbox 395 1761 563 1800; x_wconf 85' lang='lat' dir='ltr'><strong>noctem</strong></span> <span class='ocrx_word' id='word_1_219' title='bbox 598 1759 711 1800; x_wconf 86' lang='lat' dir='ltr'><strong>caesi</strong></span> <span class='ocrx_word' id='word_1_220' title='bbox 747 1759 897 1801; x_wconf 86' lang='lat' dir='ltr'><strong>hostes</strong></span> <span class='ocrx_word' id='word_1_221' title='bbox 930 1758 1076 1800; x_wconf 87' lang='lat' dir='ltr'><strong>decem</strong></span> <span class='ocrx_word' id='word_1_222' title='bbox 1107 1758 1230 1799; x_wconf 90' lang='lat' dir='ltr'><strong>milia</strong></span> <span class='ocrx_word' id='word_1_223' title='bbox 1261 1772 1467 1812; x_wconf 90' lang='lat' dir='ltr'><strong>passuum</strong></span> <span class='ocrx_word' id='word_1_224' title='bbox 1500 1756 1622 1798; x_wconf 87' lang='lat' dir='ltr'><strong>cada-</strong></span> 
     </span>
    </p>
   </div>
   <div class='ocr_carea' id='block_1_3' title="bbox 46 1849 1623 2225">
    <p class='ocr_par' dir='ltr' id='par_1_5' title="bbox 99 1849 1622 1894">
     <span class='ocr_line' id='line_1_29' title="bbox 99 1849 1622 1894; baseline -0.001 -8"><span class='ocrx_word' id='word_1_225' title='bbox 99 1854 154 1887; x_wconf 86' lang='lat'><strong>13.</strong></span> <span class='ocrx_word' id='word_1_226' title='bbox 204 1851 376 1886; x_wconf 77' lang='lat' dir='ltr'><strong>adsistere</strong></span> <span class='ocrx_word' id='word_1_227' title='bbox 409 1852 654 1894; x_wconf 85' lang='lat' dir='ltr'><strong>,‚antreten“,</strong></span> <span class='ocrx_word' id='word_1_228' title='bbox 693 1850 799 1886; x_wconf 89' lang='lat' dir='ltr'><strong>nicht</strong></span> <span class='ocrx_word' id='word_1_229' title='bbox 873 1854 917 1887; x_wconf 86' lang='lat'><strong>58</strong></span> <span class='ocrx_word' id='word_1_230' title='bbox 931 1852 1038 1886; x_wconf 82' lang='lat' dir='ltr'><strong>vultu</strong></span> <span class='ocrx_word' id='word_1_231' title='bbox 1057 1861 1140 1886; x_wconf 83' lang='lat' dir='ltr'><strong>voce</strong></span> <span class='ocrx_word' id='word_1_232' title='bbox 1153 1851 1315 1886; x_wconf 80' lang='lat' dir='ltr'><strong>lacrimis</strong></span> <span class='ocrx_word' id='word_1_233' title='bbox 1333 1849 1622 1885; x_wconf 79' lang='lat' dir='ltr'><strong>misericordiam</strong></span> 
     </span>
    </p>

    <p class='ocr_par' dir='ltr' id='par_1_6' title="bbox 46 1897 1623 2225">
     <span class='ocr_line' id='line_1_30' title="bbox 53 1897 1004 1934; baseline 0 -1"><span class='ocrx_word' id='word_1_234' title='bbox 53 1898 174 1934; x_wconf 84' lang='lat' dir='ltr'><strong>selten</strong></span> <span class='ocrx_word' id='word_1_235' title='bbox 209 1898 248 1932; x_wconf 89' lang='lat' dir='ltr'><strong>in</strong></span> <span class='ocrx_word' id='word_1_236' title='bbox 286 1898 358 1932; x_wconf 90' lang='lat' dir='ltr'><strong>den</strong></span> <span class='ocrx_word' id='word_1_237' title='bbox 389 1897 580 1933; x_wconf 85' lang='lat' dir='ltr'><strong>Historien</strong></span> <span class='ocrx_word' id='word_1_238' title='bbox 615 1898 693 1932; x_wconf 89' lang='lat' dir='ltr'><strong>und</strong></span> <span class='ocrx_word' id='word_1_239' title='bbox 722 1898 798 1933; x_wconf 91' lang='lat' dir='ltr'><strong>An·</strong></span> <span class='ocrx_word' id='word_1_240' title='bbox 870 1899 1004 1934; x_wconf 83' lang='lat' dir='ltr'><strong>elicere.</strong></span> 
     </span>
     <span class='ocr_line' id='line_1_31' title="bbox 51 1943 1622 1990; baseline -0.003 -9"><span class='ocrx_word' id='word_1_241' title='bbox 51 1945 180 1984; x_wconf 73' lang='lat' dir='ltr'><strong>nalen:</strong></span> <span class='ocrx_word' id='word_1_242' title='bbox 205 1944 334 1979; x_wconf 75' lang='lat' dir='ltr'><strong>frt‘iher</strong></span> <span class='ocrx_word' id='word_1_243' title='bbox 366 1944 489 1990; x_wconf 84' lang='lat' dir='ltr'><strong>wenig</strong></span> <span class='ocrx_word' id='word_1_244' title='bbox 519 1945 797 1990; x_wconf 72' lang='lat' dir='ltr'><strong>gebrauchlich,</strong></span> <span class='ocrx_word' id='word_1_245' title='bbox 922 1949 977 1980; x_wconf 85' lang='lat'><strong>13.</strong></span> <span class='ocrx_word' id='word_1_246' title='bbox 1021 1948 1201 1990; x_wconf 64' lang='lat' dir='ltr'><strong>rupturus</strong></span> <span class='ocrx_word' id='word_1_247' title='bbox 1232 1945 1340 1987; x_wconf 85' lang='lat' dir='ltr'><strong>(statt</strong></span> <span class='ocrx_word' id='word_1_248' title='bbox 1360 1943 1622 1988; x_wconf 77' lang='lat' dir='ltr'><strong>perrupturus)</strong></span> 
     </span>
     <span class='ocr_line' id='line_1_32' title="bbox 50 1989 1621 2037; baseline -0.002 -10"><span class='ocrx_word' id='word_1_249' title='bbox 50 1992 121 2027; x_wconf 84' lang='lat' dir='ltr'><strong>wie</strong></span> <span class='ocrx_word' id='word_1_250' title='bbox 159 1990 233 2026; x_wconf 87' lang='lat' dir='ltr'><strong>Cic.</strong></span> <span class='ocrx_word' id='word_1_251' title='bbox 270 1991 370 2037; x_wconf 86' lang='lat' dir='ltr'><strong>legg.</strong></span> <span class='ocrx_word' id='word_1_252' title='bbox 408 1995 447 2035; x_wconf 80' lang='grc'><strong>2,</strong></span> <span class='ocrx_word' id='word_1_253' title='bbox 481 1996 504 2026; x_wconf 85' lang='grc'>4</span> <span class='ocrx_word' id='word_1_254' title='bbox 540 1995 582 2026; x_wconf 87' lang='lat' dir='ltr'><strong>ut</strong></span> <span class='ocrx_word' id='word_1_255' title='bbox 615 1993 657 2026; x_wconf 77' lang='lat' dir='ltr'><strong>in</strong></span> <span class='ocrx_word' id='word_1_256' title='bbox 690 1995 801 2036; x_wconf 78' lang='lat' dir='ltr'><strong>ponte</strong></span> <span class='ocrx_word' id='word_1_257' title='bbox 872 1991 941 2027; x_wconf 81' lang='lat' dir='ltr'><strong>mit</strong></span> <span class='ocrx_word' id='word_1_258' title='bbox 966 1992 1181 2036; x_wconf 90' lang='lat' dir='ltr'><strong>folgendem</strong></span> <span class='ocrx_word' id='word_1_259' title='bbox 1205 1992 1264 2035; x_wconf 77' lang='lat' dir='ltr'><strong>ni,</strong></span> <span class='ocrx_word' id='word_1_260' title='bbox 1297 1989 1367 2025; x_wconf 87' lang='lat' dir='ltr'><strong>wie</strong></span> <span class='ocrx_word' id='word_1_261' title='bbox 1393 1990 1480 2024; x_wconf 87' lang='lat' dir='ltr'><strong>hist.</strong></span> <span class='ocrx_word' id='word_1_262' title='bbox 1508 1994 1548 2032; x_wconf 87' lang='lat'><strong>3,</strong></span> <span class='ocrx_word' id='word_1_263' title='bbox 1578 1993 1621 2024; x_wconf 84' lang='lat'><strong>19</strong></span> 
     </span>
     <span class='ocr_line' id='line_1_33' title="bbox 51 2038 1621 2084; baseline -0.003 -9"><span class='ocrx_word' id='word_1_264' title='bbox 51 2050 151 2075; x_wconf 77' lang='lat' dir='ltr'><strong>unus</strong></span> <span class='ocrx_word' id='word_1_265' title='bbox 176 2039 371 2074; x_wconf 77' lang='lat' dir='ltr'><strong>adsisteret.</strong></span> <span class='ocrx_word' id='word_1_266' title='bbox 430 2038 519 2074; x_wconf 85' lang='lat' dir='ltr'><strong>Sall.</strong></span> <span class='ocrx_word' id='word_1_267' title='bbox 547 2038 625 2074; x_wconf 87' lang='lat' dir='ltr'><strong>Cat.</strong></span> <span class='ocrx_word' id='word_1_268' title='bbox 653 2042 697 2074; x_wconf 85' lang='lat'><strong>59</strong></span> <span class='ocrx_word' id='word_1_269' title='bbox 723 2040 800 2084; x_wconf 76' lang='lat' dir='ltr'><strong>ipse</strong></span> <span class='ocrx_word' id='word_1_270' title='bbox 871 2040 1024 2083; x_wconf 83' lang='lat' dir='ltr'><strong>rupturi</strong></span> <span class='ocrx_word' id='word_1_271' title='bbox 1072 2039 1283 2083; x_wconf 84' lang='lat' dir='ltr'><strong>imperium,</strong></span> <span class='ocrx_word' id='word_1_272' title='bbox 1332 2038 1375 2073; x_wconf 76' lang='lat' dir='ltr'><strong>‘m’</strong></span> <span class='ocrx_word' id='word_1_273' title='bbox 1424 2038 1621 2072; x_wconf 73' lang='lat' dir='ltr'><strong>ducantur.</strong></span> 
     </span>
     <span class='ocr_line' id='line_1_34' title="bbox 46 2085 1623 2132; baseline -0.003 -10"><span class='ocrx_word' id='word_1_274' title='bbox 46 2090 199 2132; x_wconf 76' lang='lat' dir='ltr'><strong>propter</strong></span> <span class='ocrx_word' id='word_1_275' title='bbox 223 2086 386 2131; x_wconf 76' lang='lat' dir='ltr'><strong>aquilam</strong></span> <span class='ocrx_word' id='word_1_276' title='bbox 410 2087 566 2122; x_wconf 80' lang='lat' dir='ltr'><strong>adsistit.</strong></span> <span class='ocrx_word' id='word_1_277' title='bbox 872 2086 1020 2121; x_wconf 88' lang='lat' dir='ltr'><strong>Ebenso</strong></span> <span class='ocrx_word' id='word_1_278' title='bbox 1040 2086 1111 2121; x_wconf 87' lang='lat' dir='ltr'><strong>mit</strong></span> <span class='ocrx_word' id='word_1_279' title='bbox 1133 2086 1168 2121; x_wconf 82' lang='lat' dir='ltr'><strong>si</strong></span> <span class='ocrx_word' id='word_1_280' title='bbox 1193 2097 1277 2122; x_wconf 84' lang='lat' dir='ltr'><strong>ann.</strong></span> <span class='ocrx_word' id='word_1_281' title='bbox 1300 2089 1331 2129; x_wconf 93' lang='lat'><strong>1,</strong></span> <span class='ocrx_word' id='word_1_282' title='bbox 1351 2089 1398 2120; x_wconf 85' lang='grc'><strong>36</strong></span> <span class='ocrx_word' id='word_1_283' title='bbox 1426 2085 1460 2119; x_wconf 82' lang='lat' dir='ltr'><strong>si</strong></span> <span class='ocrx_word' id='word_1_284' title='bbox 1483 2085 1623 2120; x_wconf 84' lang='lat' dir='ltr'><strong>omitte-</strong></span> 
     </span>
     <span class='ocr_line' id='line_1_35' title="bbox 101 2130 1622 2191; baseline -0.003 -21"><span class='ocrx_word' id='word_1_285' title='bbox 101 2145 165 2181; x_wconf 71' lang='lat'><strong>17,</strong></span> <span class='ocrx_word' id='word_1_286' title='bbox 199 2149 232 2180; x_wconf 57' lang='lat'><strong>3,</strong></span> <span class='ocrx_word' id='word_1_287' title='bbox 265 2146 522 2191; x_wconf 53' lang='lat' dir='ltr'><strong>drmmmedi,</strong></span> <span class='ocrx_word' id='word_1_288' title='bbox 553 2157 581 2180; x_wconf 54' lang='lat' dir='ltr'><strong>s,</strong></span> <span class='ocrx_word' id='word_1_289' title='bbox 607 2156 651 2179; x_wconf 68' lang='lat' dir='ltr'><strong>zu</strong></span> <span class='ocrx_word' id='word_1_290' title='bbox 679 2149 717 2189; x_wconf 51' lang='lat'><strong>1,</strong></span> <span class='ocrx_word' id='word_1_291' title='bbox 743 2149 800 2182; x_wconf 48' lang='lat'><strong>64·</strong></span> <span class='ocrx_word' id='word_1_292' title='bbox 874 2137 974 2169; x_wconf 86' lang='lat' dir='ltr'><strong>retur</strong></span> <span class='ocrx_word' id='word_1_293' title='bbox 999 2134 1103 2178; x_wconf 77' lang='lat' dir='ltr'><strong>ripa,</strong></span> <span class='ocrx_word' id='word_1_294' title='bbox 1129 2134 1339 2168; x_wconf 77' lang='lat' dir='ltr'><strong>invasurus.</strong></span> <span class='ocrx_word' id='word_1_295' title='bbox 1388 2130 1499 2166; x_wconf 85' lang='lat' dir='ltr'><strong>Diese</strong></span> <span class='ocrx_word' id='word_1_296' title='bbox 1524 2131 1622 2167; x_wconf 88' lang='lat' dir='ltr'><strong>Kon-</strong></span> 
     </span>
     <span class='ocr_line' id='line_1_36' title="bbox 876 2178 1623 2225; baseline -0.001 -10"><span class='ocrx_word' id='word_1_297' title='bbox 876 2181 1081 2225; x_wconf 86' lang='lat' dir='ltr'><strong>struktion,</strong></span> <span class='ocrx_word' id='word_1_298' title='bbox 1113 2180 1174 2215; x_wconf 90' lang='lat' dir='ltr'><strong>die</strong></span> <span class='ocrx_word' id='word_1_299' title='bbox 1206 2180 1267 2215; x_wconf 88' lang='lat' dir='ltr'><strong>bei</strong></span> <span class='ocrx_word' id='word_1_300' title='bbox 1303 2180 1375 2214; x_wconf 91' lang='lat' dir='ltr'><strong>den</strong></span> <span class='ocrx_word' id='word_1_301' title='bbox 1406 2178 1623 2214; x_wconf 86' lang='lat' dir='ltr'><strong>Klassikern</strong></span> 
     </span>
    </p>
   </div>
   <div class='ocr_carea' id='block_1_4' title="bbox 54 2227 1622 2311">
    <p class='ocr_par' dir='ltr' id='par_1_7' title="bbox 54 2227 1622 2311">
     <span class='ocr_line' id='line_1_37' title="bbox 54 2227 1622 2311; baseline -0.003 1"><span class='ocrx_word' id='word_1_302' title='bbox 54 2251 125 2288; x_wconf 65' lang='lat' dir='ltr'><strong>vie</strong></span> <span class='ocrx_word' id='word_1_303' title='bbox 150 2256 181 2296; x_wconf 91' lang='lat'><strong>1,</strong></span> <span class='ocrx_word' id='word_1_304' title='bbox 201 2255 246 2286; x_wconf 68' lang='lat'><strong>41</strong></span> <span class='ocrx_word' id='word_1_305' title='bbox 267 2252 421 2297; x_wconf 64' lang='lat' dir='ltr'><strong>amitus</strong></span> <span class='ocrx_word' id='word_1_306' title='bbox 440 2263 483 2287; x_wconf 68' lang='lat' dir='ltr'><strong>ae</strong></span> <span class='ocrx_word' id='word_1_307' title='bbox 500 2253 672 2297; x_wconf 60' lang='lat' dir='ltr'><strong>planetus</strong></span> <span class='ocrx_word' id='word_1_308' title='bbox 691 2253 802 2287; x_wconf 62' lang='lat' dir='ltr'><strong>etiam</strong></span> <span class='ocrx_word' id='word_1_309' title='bbox 873 2227 1469 2311; x_wconf 53' lang='grc' dir='ltr'><strong>ἓέξὲἕξὲἒὶῑξὲἓὶεῖἒιῗἓξὲξ</strong></span> <span class='ocrx_word' id='word_1_310' title='bbox 1489 2227 1622 2308; x_wconf 63' lang='grc' dir='ltr'><strong>ἔίἲῖῗέῑ</strong></span> 
     </span>
    </p>
   </div>
   <div class='ocr_carea' id='block_1_5' title="bbox 51 2299 1623 2405">
    <p class='ocr_par' dir='ltr' id='par_1_8' title="bbox 51 2299 1623 2405">
     <span class='ocr_line' id='line_1_38' title="bbox 51 2299 1623 2405; baseline -0.001 -24"><span class='ocrx_word' id='word_1_311' title='bbox 51 2299 209 2382; x_wconf 56' lang='lat' dir='ltr'><strong>affl</strong></span> <span class='ocrx_word' id='word_1_312' title='bbox 229 2300 689 2388; x_wconf 52' lang='lat' dir='ltr'><strong>ssfffgfinssffffig‘Z&#39;ZJZ</strong></span> <span class='ocrx_word' id='word_1_313' title='bbox 690 2299 800 2381; x_wconf 56' lang='lat' dir='ltr'><strong>³121?ss</strong></span> <span class='ocrx_word' id='word_1_314' title='bbox 872 2333 948 2404; x_wconf 64' lang='lat'><strong>33¹5</strong></span> <span class='ocrx_word' id='word_1_315' title='bbox 973 2322 1254 2405; x_wconf 44' lang='lat' dir='ltr'><strong>efferar:</strong></span> <span class='ocrx_word' id='word_1_316' title='bbox 1281 2313 1381 2403; x_wconf 54' lang='lat' dir='ltr'><strong>{bqr</strong></span> <span class='ocrx_word' id='word_1_317' title='bbox 1406 2322 1467 2403; x_wconf 49' lang='grc' dir='ltr'><strong>εἷς</strong></span> <span class='ocrx_word' id='word_1_318' title='bbox 1492 2320 1623 2356; x_wconf 53' lang='lat' dir='ltr'><strong>ffatim</strong></span> 
     </span>
    </p>
   </div>
   <div class='ocr_carea' id='block_1_6' title="bbox 52 2394 1622 2509">
    <p class='ocr_par' dir='ltr' id='par_1_9' title="bbox 52 2394 1622 2509">
     <span class='ocr_line' id='line_1_39' title="bbox 52 2394 1621 2477; baseline -0.014 -7"><span class='ocrx_word' id='word_1_319' title='bbox 52 2397 226 2477; x_wconf 49' lang='grc' dir='ltr'><strong>3)·εὲᾆῖ</strong></span> <span class='ocrx_word' id='word_1_320' title='bbox 244 2404 363 2429; x_wconf 61' lang='lat' dir='ltr'><em>omnes</em></span> <span class='ocrx_word' id='word_1_321' title='bbox 381 2394 538 2429; x_wconf 63' lang='lat' dir='ltr'><strong>advertit</strong></span> <span class='ocrx_word' id='word_1_322' title='bbox 556 2394 653 2439; x_wconf 65' lang='lat' dir='ltr'><strong>quOd</strong></span> <span class='ocrx_word' id='word_1_323' title='bbox 672 2394 802 2429; x_wconf 62' lang='lat' dir='ltr'><strong><em>mmet</em></strong></span> <span class='ocrx_word' id='word_1_324' title='bbox 923 2422 978 2452; x_wconf 87' lang='grc'><strong>16.</strong></span> <span class='ocrx_word' id='word_1_325' title='bbox 1018 2416 1087 2452; x_wconf 90' lang='lat' dir='ltr'><strong>Die</strong></span> <span class='ocrx_word' id='word_1_326' title='bbox 1116 2416 1306 2460; x_wconf 83' lang='lat' dir='ltr'><strong>Chauken,</strong></span> <span class='ocrx_word' id='word_1_327' title='bbox 1327 2416 1513 2451; x_wconf 86' lang='lat' dir='ltr'><strong>zwischen</strong></span> <span class='ocrx_word' id='word_1_328' title='bbox 1533 2415 1621 2449; x_wconf 91' lang='lat' dir='ltr'><strong>Ems</strong></span> 
     </span>
     <span class='ocr_line' id='line_1_40' title="bbox 229 2462 1622 2509; baseline -0.011 2"><span class='ocrx_word' id='word_1_329' title='bbox 229 2468 236 2475; x_wconf 73' lang='grc'><strong>’</strong></span> <span class='ocrx_word' id='word_1_330' title='bbox 872 2463 949 2499; x_wconf 85' lang='lat' dir='ltr'><strong>und</strong></span> <span class='ocrx_word' id='word_1_331' title='bbox 968 2463 1074 2509; x_wconf 86' lang='lat' dir='ltr'><strong>Elbe,</strong></span> <span class='ocrx_word' id='word_1_332' title='bbox 1099 2465 1223 2499; x_wconf 85' lang='lat' dir='ltr'><strong>haben</strong></span> <span class='ocrx_word' id='word_1_333' title='bbox 1249 2463 1364 2499; x_wconf 86' lang='lat' dir='ltr'><strong>sehon</strong></span> <span class='ocrx_word' id='word_1_334' title='bbox 1388 2464 1440 2497; x_wconf 85' lang='lat' dir='ltr'><strong>im</strong></span> <span class='ocrx_word' id='word_1_335' title='bbox 1464 2462 1622 2507; x_wconf 85' lang='lat' dir='ltr'><strong>vorigen</strong></span> 
     </span>
    </p>
   </div>
   <div class='ocr_carea' id='block_1_7' title="bbox 51 2493 1622 2601">
    <p class='ocr_par' dir='ltr' id='par_1_10' title="bbox 51 2493 1622 2601">
     <span class='ocr_line' id='line_1_41' title="bbox 51 2493 1621 2586; baseline -0.004 -37"><span class='ocrx_word' id='word_1_336' title='bbox 51 2493 691 2586; x_wconf 37' lang='lat' dir='ltr'><strong>Jusstgm&#39;g&#39;gssndffibttffizbolssffilzz</strong></span> <span class='ocrx_word' id='word_1_337' title='bbox 714 2505 801 2576; x_wconf 46' lang='grc' dir='ltr'><strong>Ἐξ</strong></span> <span class='ocrx_word' id='word_1_338' title='bbox 872 2511 985 2546; x_wconf 82' lang='lat' dir='ltr'><strong>Jahre</strong></span> <span class='ocrx_word' id='word_1_339' title='bbox 1002 2511 1084 2546; x_wconf 89' lang='lat' dir='ltr'><strong>ihre</strong></span> <span class='ocrx_word' id='word_1_340' title='bbox 1102 2510 1216 2565; x_wconf 65' lang='lat' dir='ltr'>‚Hsssfe</span> <span class='ocrx_word' id='word_1_341' title='bbox 1243 2511 1433 2565; x_wconf 56' lang='lat' dir='ltr'><strong>augesagt,</strong></span> <span class='ocrx_word' id='word_1_342' title='bbox 1453 2507 1621 2566; x_wconf 34' lang='lat' dir='ltr'><strong>weil-&#39;die</strong></span> 
     </span>
     <span class='ocr_line' id='line_1_42' title="bbox 396 2556 1622 2601; baseline -0.002 -8"><span class='ocrx_word' id='word_1_343' title='bbox 396 2569 405 2585; x_wconf 69' lang='grc' dir='ltr'><strong>ν</strong></span> <span class='ocrx_word' id='word_1_344' title='bbox 875 2558 1082 2594; x_wconf 86' lang='lat' dir='ltr'><strong>Cherusker</strong></span> <span class='ocrx_word' id='word_1_345' title='bbox 1100 2559 1180 2593; x_wconf 81' lang='lat' dir='ltr'><strong>ihre</strong></span> <span class='ocrx_word' id='word_1_346' title='bbox 1199 2558 1339 2593; x_wconf 81' lang='lat' dir='ltr'><strong>Feinde</strong></span> <span class='ocrx_word' id='word_1_347' title='bbox 1358 2557 1453 2591; x_wconf 82' lang='lat' dir='ltr'><strong>sind.</strong></span> <span class='ocrx_word' id='word_1_348' title='bbox 1488 2556 1622 2601; x_wconf 88' lang='lat' dir='ltr'><strong>Spater</strong></span> 
     </span>
    </p>
   </div>
   <div class='ocr_carea' id='block_1_8' title="bbox 101 2203 799 2247">
    <p class='ocr_par' dir='ltr' id='par_1_11' title="bbox 101 2203 799 2247">
     <span class='ocr_line' id='line_1_43' title="bbox 101 2203 799 2247; baseline -0.001 -7"><span class='ocrx_word' id='word_1_349' title='bbox 101 2208 133 2241; x_wconf 81' lang='lat'><strong>5.</strong></span> <span class='ocrx_word' id='word_1_350' title='bbox 147 2205 329 2240; x_wconf 84' lang='lat' dir='ltr'><strong>advertere</strong></span> <span class='ocrx_word' id='word_1_351' title='bbox 337 2203 610 2247; x_wconf 84' lang='lat' dir='ltr'><strong>„aufmerksam</strong></span> <span class='ocrx_word' id='word_1_352' title='bbox 619 2205 799 2239; x_wconf 88' lang='lat' dir='ltr'><strong>machen“</strong></span> 
     </span>
    </p>
   </div>
   <div class='ocr_carea' id='block_1_9' title="bbox 52 2587 1620 2743">
    <p class='ocr_par' dir='ltr' id='par_1_12' title="bbox 52 2587 1620 2743">
     <span class='ocr_line' id='line_1_44' title="bbox 52 2587 1620 2654; baseline 0 -17"><span class='ocrx_word' id='word_1_353' title='bbox 52 2588 196 2633; x_wconf 46' lang='lat' dir='ltr'><strong>“Pherv</strong></span> <span class='ocrx_word' id='word_1_354' title='bbox 222 2588 330 2654; x_wconf 46' lang='lat' dir='ltr'><strong>Ohne·</strong></span> <span class='ocrx_word' id='word_1_355' title='bbox 344 2587 541 2654; x_wconf 38' lang='lat' dir='ltr'><strong>parallel}</strong></span> <span class='ocrx_word' id='word_1_356' title='bbox 874 2605 1018 2650; x_wconf 85' lang='lat' dir='ltr'><strong>greifen</strong></span> <span class='ocrx_word' id='word_1_357' title='bbox 1038 2606 1090 2640; x_wconf 89' lang='lat' dir='ltr'><strong>sie</strong></span> <span class='ocrx_word' id='word_1_358' title='bbox 1105 2605 1176 2640; x_wconf 90' lang='lat' dir='ltr'><strong>mit</strong></span> <span class='ocrx_word' id='word_1_359' title='bbox 1193 2604 1322 2640; x_wconf 89' lang='lat' dir='ltr'><strong>Civilis</strong></span> <span class='ocrx_word' id='word_1_360' title='bbox 1337 2604 1397 2638; x_wconf 91' lang='lat' dir='ltr'><strong>die</strong></span> <span class='ocrx_word' id='word_1_361' title='bbox 1410 2603 1548 2638; x_wconf 71' lang='lat' dir='ltr'><strong>Romer</strong></span> <span class='ocrx_word' id='word_1_362' title='bbox 1560 2614 1620 2638; x_wconf 88' lang='lat' dir='ltr'><strong>an.</strong></span> 
     </span>
     <span class='ocr_line' id='line_1_45' title="bbox 88 2643 1620 2700; baseline 0 -16"><span class='ocrx_word' id='word_1_363' title='bbox 88 2650 158 2700; x_wconf 48' lang='grc'><strong>.10.</strong></span> <span class='ocrx_word' id='word_1_364' title='bbox 209 2657 347 2691; x_wconf 73' lang='lat' dir='ltr'><strong>campw</strong></span> <span class='ocrx_word' id='word_1_365' title='bbox 379 2647 474 2682; x_wconf 57' lang='lat' dir='ltr'><strong>8128·st</strong></span> <span class='ocrx_word' id='word_1_366' title='bbox 496 2658 539 2682; x_wconf 79' lang='lat' dir='ltr'><strong>m</strong></span> <span class='ocrx_word' id='word_1_367' title='bbox 563 2648 713 2692; x_wconf 75' lang='lat' dir='ltr'><strong>campis·</strong></span> <span class='ocrx_word' id='word_1_368' title='bbox 765 2646 800 2682; x_wconf 82' lang='lat' dir='ltr'><strong>S·</strong></span> <span class='ocrx_word' id='word_1_369' title='bbox 924 2656 979 2687; x_wconf 78' lang='lat'><strong>17.</strong></span> <span class='ocrx_word' id='word_1_370' title='bbox 1023 2643 1123 2687; x_wconf 74' lang='lat' dir='ltr'><strong>Uber</strong></span> <span class='ocrx_word' id='word_1_371' title='bbox 1147 2652 1372 2698; x_wconf 87' lang='lat' dir='ltr'><strong>Inguiomer,</strong></span> <span class='ocrx_word' id='word_1_372' title='bbox 1397 2651 1470 2685; x_wconf 89' lang='lat' dir='ltr'><strong>den</strong></span> <span class='ocrx_word' id='word_1_373' title='bbox 1486 2649 1620 2686; x_wconf 90' lang='lat' dir='ltr'><strong>Oheim</strong></span> 
     </span>
     <span class='ocr_line' id='line_1_46' title="bbox 54 2692 1411 2743; baseline 0.003 -15"><span class='ocrx_word' id='word_1_374' title='bbox 54 2692 149 2730; x_wconf 81' lang='lat' dir='ltr'><strong>Eml.</strong></span> <span class='ocrx_word' id='word_1_375' title='bbox 176 2697 206 2736; x_wconf 65' lang='grc' dir='ltr'><strong>ξ.</strong></span> <span class='ocrx_word' id='word_1_376' title='bbox 233 2697 289 2728; x_wconf 87' lang='grc'><strong>35.</strong></span> <span class='ocrx_word' id='word_1_377' title='bbox 875 2699 939 2734; x_wconf 87' lang='lat' dir='ltr'><strong>des</strong></span> <span class='ocrx_word' id='word_1_378' title='bbox 965 2698 1167 2743; x_wconf 88' lang='lat' dir='ltr'><strong>Arminius,</strong></span> <span class='ocrx_word' id='word_1_379' title='bbox 1193 2699 1268 2743; x_wconf 85' lang='lat' dir='ltr'><strong>vgl.</strong></span> <span class='ocrx_word' id='word_1_380' title='bbox 1298 2703 1329 2739; x_wconf 93' lang='lat'><strong>1,</strong></span> <span class='ocrx_word' id='word_1_381' title='bbox 1356 2701 1411 2733; x_wconf 89' lang='grc'><strong>60.</strong></span> 
     </span>
    </p>
   </div>
   <div class='ocr_carea' id='block_1_10' title="bbox 54 2744 1621 2934">
    <p class='ocr_par' dir='ltr' id='par_1_13' title="bbox 54 2744 1621 2934">
     <span class='ocr_line' id='line_1_47' title="bbox 103 2744 1621 2791; baseline -0.002 -10"><span class='ocrx_word' id='word_1_382' title='bbox 103 2750 158 2782; x_wconf 93' lang='grc'><strong>11.</strong></span> <span class='ocrx_word' id='word_1_383' title='bbox 195 2758 310 2782; x_wconf 81' lang='lat' dir='ltr'><strong>manu</strong></span> <span class='ocrx_word' id='word_1_384' title='bbox 332 2757 415 2783; x_wconf 83' lang='lat' dir='ltr'><strong>voce</strong></span> <span class='ocrx_word' id='word_1_385' title='bbox 437 2748 603 2791; x_wconf 81' lang='lat' dir='ltr'><strong>vulnere,</strong></span> <span class='ocrx_word' id='word_1_386' title='bbox 629 2747 690 2782; x_wconf 89' lang='lat' dir='ltr'><strong>ein</strong></span> <span class='ocrx_word' id='word_1_387' title='bbox 715 2747 801 2782; x_wconf 86' lang='lat' dir='ltr'><strong>stei-</strong></span> <span class='ocrx_word' id='word_1_388' title='bbox 922 2751 978 2781; x_wconf 79' lang='lat'><strong>21.</strong></span> <span class='ocrx_word' id='word_1_389' title='bbox 1028 2747 1128 2781; x_wconf 80' lang='lat' dir='ltr'><strong>nitor</strong></span> <span class='ocrx_word' id='word_1_390' title='bbox 1171 2745 1532 2790; x_wconf 82' lang='lat' dir='ltr'><strong>„hinaufklettern“</strong></span> <span class='ocrx_word' id='word_1_391' title='bbox 1581 2744 1621 2779; x_wconf 89' lang='lat' dir='ltr'><strong>in</strong></span> 
     </span>
     <span class='ocr_line' id='line_1_48' title="bbox 54 2790 1620 2839; baseline -0.002 -10"><span class='ocrx_word' id='word_1_392' title='bbox 54 2793 194 2838; x_wconf 83' lang='lat' dir='ltr'><strong>gendes</strong></span> <span class='ocrx_word' id='word_1_393' title='bbox 219 2793 437 2839; x_wconf 80' lang='lat' dir='ltr'><strong>Asyndeton</strong></span> <span class='ocrx_word' id='word_1_394' title='bbox 456 2794 526 2829; x_wconf 84' lang='lat' dir='ltr'><strong>wie</strong></span> <span class='ocrx_word' id='word_1_395' title='bbox 550 2798 603 2838; x_wconf 86' lang='grc'><strong>16,</strong></span> <span class='ocrx_word' id='word_1_396' title='bbox 631 2798 676 2830; x_wconf 83' lang='grc'><strong>29</strong></span> <span class='ocrx_word' id='word_1_397' title='bbox 695 2795 801 2829; x_wconf 83' lang='lat' dir='ltr'><strong>vultu</strong></span> <span class='ocrx_word' id='word_1_398' title='bbox 875 2793 1015 2829; x_wconf 83' lang='lat' dir='ltr'><strong>diesem</strong></span> <span class='ocrx_word' id='word_1_399' title='bbox 1055 2793 1166 2829; x_wconf 89' lang='lat' dir='ltr'><strong>Sinne</strong></span> <span class='ocrx_word' id='word_1_400' title='bbox 1204 2791 1431 2828; x_wconf 84' lang='lat' dir='ltr'><strong>dichterisch</strong></span> <span class='ocrx_word' id='word_1_401' title='bbox 1467 2791 1544 2826; x_wconf 87' lang='lat' dir='ltr'><strong>und</strong></span> <span class='ocrx_word' id='word_1_402' title='bbox 1580 2790 1620 2826; x_wconf 87' lang='lat' dir='ltr'><strong>in</strong></span> 
     </span>
     <span class='ocr_line' id='line_1_49' title="bbox 54 2840 1190 2886; baseline 0 -11"><span class='ocrx_word' id='word_1_403' title='bbox 54 2850 138 2876; x_wconf 82' lang='lat' dir='ltr'><strong>voce</strong></span> <span class='ocrx_word' id='word_1_404' title='bbox 164 2841 280 2876; x_wconf 80' lang='lat' dir='ltr'><strong>oculis</strong></span> <span class='ocrx_word' id='word_1_405' title='bbox 310 2842 552 2886; x_wconf 77' lang='lat' dir='ltr'><strong>ardescerent,</strong></span> <span class='ocrx_word' id='word_1_406' title='bbox 578 2840 666 2876; x_wconf 86' lang='lat' dir='ltr'><strong>hist.</strong></span> <span class='ocrx_word' id='word_1_407' title='bbox 694 2845 727 2884; x_wconf 85' lang='lat'><strong>3,</strong></span> <span class='ocrx_word' id='word_1_408' title='bbox 755 2845 798 2876; x_wconf 80' lang='lat'><strong>17</strong></span> <span class='ocrx_word' id='word_1_409' title='bbox 874 2843 1041 2886; x_wconf 64' lang='lat' dir='ltr'><strong>spaterer</strong></span> <span class='ocrx_word' id='word_1_410' title='bbox 1065 2840 1190 2876; x_wconf 84' lang='lat' dir='ltr'><strong>Prosa.</strong></span> 
     </span>
     <span class='ocr_line' id='line_1_50' title="bbox 55 2885 1620 2934; baseline -0.001 -12"><span class='ocrx_word' id='word_1_411' title='bbox 55 2887 205 2923; x_wconf 74' lang='lat' dir='ltr'><strong>coneilio</strong></span> <span class='ocrx_word' id='word_1_412' title='bbox 236 2899 351 2923; x_wconf 80' lang='lat' dir='ltr'><strong>manu</strong></span> <span class='ocrx_word' id='word_1_413' title='bbox 386 2899 470 2924; x_wconf 84' lang='lat' dir='ltr'><strong>voce</strong></span> <span class='ocrx_word' id='word_1_414' title='bbox 504 2889 664 2934; x_wconf 76' lang='lat' dir='ltr'><strong>insiynis</strong></span> <span class='ocrx_word' id='word_1_415' title='bbox 693 2889 798 2924; x_wconf 83' lang='lat' dir='ltr'><strong>hosti.</strong></span> <span class='ocrx_word' id='word_1_416' title='bbox 921 2887 986 2923; x_wconf 89' lang='lat'><strong>18.</strong></span> <span class='ocrx_word' id='word_1_417' title='bbox 1012 2892 1044 2923; x_wconf 83' lang='lat'><strong>2.</strong></span> <span class='ocrx_word' id='word_1_418' title='bbox 1070 2888 1186 2924; x_wconf 85' lang='lat' dir='ltr'><strong>decem</strong></span> <span class='ocrx_word' id='word_1_419' title='bbox 1205 2888 1310 2923; x_wconf 81' lang='lat' dir='ltr'><strong>milia</strong></span> <span class='ocrx_word' id='word_1_420' title='bbox 1322 2897 1511 2932; x_wconf 78' lang='lat' dir='ltr'><strong>passuum.</strong></span> <span class='ocrx_word' id='word_1_421' title='bbox 1549 2885 1620 2921; x_wconf 87' lang='lat' dir='ltr'><strong>Die</strong></span> 
     </span>
    </p>
   </div>
  </div>
 </body>
</html>
