1794 3126
103 562 161 605 45

103 1212 160 1254 46

178 100 263 142 154

608 99 836 136 CORNELII
861 99 1024 135 TACITI
1048 99 1308 136 ANNALIUM

174 209 316 251 tiones
346 210 392 251 in
421 208 596 251 familiis
627 207 846 263 habemus,
879 207 1033 263 quibus
1066 208 1223 250 diversi
1252 208 1372 264 ritus,
1403 210 1577 250 externa
1608 223 1732 252 sacra

176 270 251 310 aut
280 268 400 310 nulla
431 270 544 322 sunt,
575 267 818 310 conluviem
848 267 976 309 istam
1007 282 1095 310 non
1125 267 1212 309 nisi
1242 270 1360 309 metu
1391 268 1638 310 eoercueris.
1686 269 1734 311 at

106 337 149 370 15
177 327 350 382 quidam
386 327 583 369 insontes
619 326 830 381 peribunt.
890 340 992 368 nam
1030 328 1072 368 et
1107 341 1157 368 ex
1188 326 1285 368 fuso
1317 326 1505 368 exercitu
1537 340 1633 368 cum
1663 326 1734 369 de-

176 401 323 429 cumus
363 386 540 441 quisque
576 386 683 428 fusti
719 385 887 439 feritur,
925 386 1054 427 etiam
1092 385 1256 428 strenui
1293 385 1541 428 sortiuntur.
1600 385 1733 428 habet

175 445 338 500 aliquid
370 460 422 487 ex
453 445 599 499 iniquo
632 458 758 486 omne
790 458 995 500 magnum
1026 444 1285 500 exemplum,
1323 444 1437 499 quod
1468 447 1616 487 contra
1648 444 1734 487 sin-

174 505 298 560 gulos
330 504 517 546 utilitate
549 503 722 558 publica
752 502 1027 557 rependitur?

294 562 542 605 Sententiae
573 560 710 604 Cassii
741 563 790 602 ut
819 576 944 603 nemo
976 576 1084 603 unus
1116 564 1267 604 contra
1297 562 1358 603 ire
1390 576 1518 604 ausus
1549 563 1633 617 est,
1670 561 1735 605 ita

175 622 373 664 dissonae
405 635 530 663 voces
556 620 874 674 respondebant
903 635 1127 662 numerum
1159 623 1232 663 aut
1263 623 1448 662 aetatem
1480 624 1555 663 aut
1586 635 1735 663 sexum

175 695 224 722 ac
254 681 535 734 plurimorum
566 679 788 721 indubiam
819 679 1110 721 innocentiam
1140 680 1455 721 miserantium:
1493 679 1736 735 praevaluit

174 744 320 781 tamen
350 753 449 793 pars
483 753 591 793 quae
624 738 881 793 supplicium
913 738 1179 781 decernebat.
1229 739 1302 780 sed
1333 738 1622 794 obtemperari
1646 752 1735 781 non

127 809 147 841 5
173 800 357 854 poterat,
389 798 647 853 conglobata
678 797 952 842 multitudine
985 799 1028 839 et
1052 812 1154 839 saxa
1180 812 1229 839 ao
1253 797 1366 839 faces
1392 798 1597 840 minante.
1639 800 1733 840 tum

175 855 334 899 Caesar
371 857 576 911 populum
615 856 753 898 edicto
792 857 1006 911 increpuit
1044 859 1171 911 atque
1209 855 1332 898 omne
1363 857 1465 912 iter,
1504 871 1587 912 quo
1621 856 1735 899 dam-

172 916 266 958 nati
291 916 344 958 ad
369 930 554 970 poenam
581 915 858 970 ducebantur,
890 915 1146 957 militaribus
1171 915 1396 970 praesidiis
1423 916 1594 970 saepsit.
1637 929 1732 958 cen-

173 977 319 1017 suerat
345 974 581 1030 Cingonius
607 974 746 1017 Varro
781 976 829 1016 ut
854 974 1000 1016 liberti
1026 988 1206 1030 quoque,
1237 974 1310 1029 qui
1336 975 1416 1016 sub
1443 974 1592 1017 eodem
1616 976 1732 1017 tecto

171 1034 372 1089 fuissent,
415 1033 544 1076 Italia
585 1033 920 1088 deportarentur.
980 1033 1024 1075 id
1064 1048 1089 1075 a
1124 1033 1317 1088 principe
1354 1033 1618 1088 prohibitum
1655 1036 1733 1087 est,

174 1153 281 1194 tiam
311 1151 616 1194 intenderetur.

104 1105 148 1137 10
172 1107 226 1135 ne
258 1107 350 1135 mos
384 1093 605 1148 antiquus,
637 1107 764 1148 quem
795 1092 1088 1135 misericordia
1118 1107 1206 1134 non
1236 1092 1465 1147 minuerat,
1496 1106 1571 1147 per
1603 1092 1736 1135 saevi-

292 1211 533 1253 Damnatus
576 1211 714 1252 isdem
757 1210 1004 1253 consulibus
1041 1209 1287 1265 Tarquitius
1326 1210 1499 1252 Priscus
1539 1211 1734 1264 repetun-

175 1270 325 1312 darum
362 1270 566 1325 Bithynis
607 1270 995 1325 interrogantibus,
1039 1283 1199 1324 magno
1236 1271 1407 1324 patrum
1445 1269 1620 1324 gaudio,
1663 1268 1735 1324 qui

175 1332 423 1372 accusatum
462 1330 515 1371 ab
552 1343 601 1371 eo
635 1327 854 1371 Statilium
885 1329 1074 1371 Taurum
1105 1343 1182 1383 pro
1215 1328 1389 1371 consule
1419 1328 1556 1383 ipsius
1587 1327 1736 1370 memi-

174 1391 341 1431 nerant.
402 1402 554 1430 census
591 1402 669 1443 per
707 1387 870 1430 Gallias
910 1403 935 1430 a
974 1387 1021 1437 Q.
1053 1387 1232 1430 Volusio
1272 1389 1315 1429 et
1353 1385 1496 1429 Sextio
1528 1386 1734 1429 Africano

174 1447 472 1502 Trebellioque
503 1447 691 1489 Maximo
727 1447 814 1489 acti
846 1450 964 1502 sunt,
1002 1447 1180 1488 aemulis
1211 1447 1326 1489 inter
1357 1461 1400 1488 se
1431 1461 1507 1501 per
1537 1446 1736 1488 nobilita.-

173 1510 260 1548 tem
286 1506 468 1549 Volusio
502 1509 629 1562 atque
657 1506 881 1561 Africano,
913 1506 1173 1548 Trebellium
1205 1506 1305 1547 dum
1330 1508 1507 1560 uterque
1534 1505 1734 1560 dedigna-

173 1568 260 1621 tur,
294 1580 423 1620 supra
453 1565 601 1607 tulere.

223 1745 276 1777 15.
320 1752 406 1776 'nam
448 1740 546 1786 folgt
588 1740 654 1775 auf
692 1740 764 1775 den
802 1740 920 1774 durch

174 1791 214 1823 at
232 1788 508 1833 angedeuteten
526 1787 723 1832 fingierten
741 1787 918 1822 Einwurf.

172 1835 291 1870 Dabei
310 1835 369 1870 die
384 1834 543 1880 Ellipse:
565 1834 800 1879 ,‚allerdings,
823 1834 919 1869 denn

173 1883 294 1917 auch“
314 1884 378 1918 ctt.
407 1881 454 1916 So
475 1882 575 1917 steht
586 1893 673 1917 nam
687 1882 782 1916 auch
797 1881 917 1917 Germ.

176 1933 231 1974 14,
250 1940 404 1975 namque
424 1940 508 1964 ann.
533 1933 589 1973 14,
612 1933 666 1964 11.
686 1949 730 1954 --
751 1929 919 1964 decumus

173 1978 323 2022 quisque
342 1978 404 2013 ctt.
435 1976 507 2011 Ein
526 1976 689 2021 Beispiel
707 1987 781 2012 von
800 1976 920 2011 dieser

172 2025 242 2059 Art
266 2024 332 2059 der
350 2024 600 2069 Hinrichtung
625 2023 718 2058 wird
743 2028 776 2067 3,
797 2027 839 2058 21
863 2035 918 2058 er-

174 2071 285 2107 zahlt.
326 2071 386 2106 Sie
412 2071 558 2106 kommt
582 2073 706 2106 zuerst
724 2071 776 2105 im
795 2071 829 2106 J.
849 2074 916 2106 471

172 2131 207 2154 v.
235 2119 319 2155 Chr.
344 2129 420 2154 vor.

222 2170 277 2201 18.
288 2166 500 2210 rependitur
511 2165 626 2210 „wird
638 2163 916 2210 ausgewogen“.

220 2259 285 2295 45.
326 2264 357 2295 1.
389 2270 490 2294 nemo
521 2270 618 2294 unus
642 2272 712 2294 nur
735 2259 816 2294 hier
841 2259 918 2294 und

172 2306 259 2342 hist.
282 2310 313 2350 1,
337 2309 382 2341 82
408 2307 497 2351 quia
520 2307 696 2354 neminem
720 2318 835 2342 unum
859 2308 917 2342 de-

172 2355 310 2389 stinare
346 2354 425 2389 irae
457 2357 639 2398 poterant.
698 2353 917 2389 Ausserdem

173 2401 289 2436 sehon
325 2400 388 2436 bei
419 2400 636 2437 Klassikern
673 2401 750 2436 und
779 2401 916 2446 Livius,

174 2451 264 2484 aber
289 2448 419 2483 selten.

221 2499 254 2530 3.
292 2496 485 2538 indubius,
523 2496 584 2531 bei
621 2495 708 2531 Tac.
745 2490 809 2529 ἅπ.
848 2494 915 2539 εἰρ.

173 2543 290 2578 findet
325 2542 404 2577 sich
439 2555 509 2578 nur
545 2543 643 2577 noch
681 2542 819 2578 einmal
855 2541 916 2577 bei

175 2589 391 2633 Quintilian.

221 2641 253 2673 8.
282 2635 492 2681 Cingonius,
518 2637 570 2671 im
589 2636 621 2673 J.
643 2640 687 2672 68
713 2635 917 2682 designier-

172 2685 230 2719 ter
255 2684 405 2728 Konsul‚
430 2683 524 2718 wird
550 2694 680 2730 wegen
700 2684 916 2719 Teilnahme

173 2742 221 2766 an
252 2731 336 2766 dem
368 2730 641 2776 mifslungenen
666 2730 917 2776 Emporungs-

172 2778 350 2813 versuche
383 2778 447 2813 des
480 2777 730 2823 Nymphidius
759 2777 917 2813 Sabinus

173 2824 240 2859 auf
261 2825 392 2859 Befehl
418 2825 481 2860 des
508 2825 629 2860 Galba
653 2824 914 2869 hingcrichtet.

173 2871 258 2916 Vgl.
285 2871 370 2906 hist.
400 2877 430 2916 1,
457 2876 488 2917 6,
515 2876 571 2907 37.

1039 1743 1070 1775 9.
1100 1739 1230 1774 Italia.
1269 1729 1366 1773 Uber
1391 1738 1463 1773 den
1487 1737 1634 1773 blossen
1657 1737 1732 1774 Ab-

990 1787 1084 1822 lativ
1111 1798 1138 1821 s.
1164 1785 1258 1820 Einl.
1285 1789 1314 1828 ξ.
1341 1788 1398 1822 34.

1038 1881 1102 1917 46.
1144 1884 1174 1915 1.
1208 1878 1422 1924 Tarquitius
1453 1889 1529 1914 war
1552 1879 1605 1914 im
1629 1880 1664 1916 J.
1689 1883 1734 1916 53

991 1939 1059 1964 aus
1095 1927 1179 1963 dem
1205 1926 1320 1962 Senat
1350 1925 1556 1972 gestofsen,
1586 1926 1673 1962 weil
1697 1937 1737 1962 er

991 1976 1063 2011 den
1093 1986 1167 2010 von
1198 1974 1263 2009 der
1287 1973 1497 2020 Agrippina
1526 1974 1736 2020 verfolgten

992 2022 1163 2058 Statilius
1195 2022 1311 2056 durch
1344 2021 1425 2056 eine
1450 2020 1622 2067 Anklage
1652 2033 1736 2057 zum

992 2069 1242 2105 Selbstmorde
1261 2067 1453 2113 getrieben
1471 2068 1588 2104 hatte.
1621 2068 1656 2104 S.
1677 2072 1734 2113 12,

991 2121 1046 2152 59.
1086 2117 1136 2151 Er
1160 2115 1257 2151 muss
1282 2115 1507 2151 inzwischen
1530 2115 1735 2161 begnadigt

989 2164 1066 2199 und
1090 2161 1296 2199 Prokonsul
1326 2173 1401 2198 von
1425 2162 1628 2206 Bithynien
1658 2162 1736 2198 und

989 2211 1130 2247 Pontus
1156 2210 1354 2255 geworden
1378 2210 1466 2246 sein.

1037 2263 1070 2293 4.
1109 2269 1236 2294 census
1266 2268 1369 2302 ayere
1398 2255 1512 2292 heisst
1542 2256 1609 2292 das
1639 2256 1731 2293 Ver-

989 2310 1126 2350 mogen
1150 2305 1386 2347 absch'atzen,
1411 2316 1475 2339 um
1500 2303 1646 2339 danach
1669 2302 1730 2340 die

990 2353 1161 2388 direkten
1174 2352 1354 2398 Abgabcn
1374 2363 1419 2386 zu
1437 2351 1670 2387 bestimmen.
1683 2370 1729 2376 -

990 2399 1031 2442 Q.
1061 2399 1235 2435 Volusius
1267 2410 1344 2434 war
1374 2399 1426 2433 im
1455 2397 1488 2433 J.
1515 2402 1560 2434 56
1589 2397 1731 2435 Konsul

988 2458 1169 2492 gewesen.
1191 2468 1233 2472 —
1254 2437 1354 2481 Uber
1373 2445 1518 2481 Sextius
1537 2444 1731 2480 Africanus

988 2507 1016 2530 s.
1042 2506 1087 2529 zu
1113 2497 1250 2538 13,19.

1036 2546 1068 2576 5.
1095 2522 1303 2576 Trebellius
1328 2551 1404 2575 war
1428 2551 1508 2574 ums
1534 2539 1568 2574 J.
1590 2542 1635 2574 56
1660 2538 1732 2574 mit

990 2589 1130 2624 Seneca
1154 2587 1296 2623 Konsul
1327 2587 1402 2622 und
1431 2586 1520 2621 kam
1548 2584 1600 2620 im
1623 2584 1658 2620 J.
1684 2588 1730 2621 64

990 2636 1045 2670 als
1070 2635 1311 2671 kaiserlicher
1328 2634 1446 2679 Legat
1469 2632 1566 2668 nach
1584 2632 1730 2668 Britan-

988 2682 1094 2728 nien,
1119 2694 1176 2717 wo
1202 2693 1242 2718 er
1266 2681 1346 2717 sich
1370 2680 1446 2725 feig
1470 2679 1638 2716 benahm.

1038 2734 1072 2766 6.
1097 2730 1303 2774 dediqnari,
1327 2741 1354 2765 s.
1379 2739 1424 2762 zu
1450 2730 1505 2770 12,
1530 2730 1587 2762 37.

1038 2781 1070 2812 7.
1113 2787 1228 2822 supra
1270 2776 1380 2811 tulere
1416 2775 1508 2809 statt
1542 2784 1658 2819 supra
1693 2784 1730 2810 se

989 2825 1145 2860 extulere
1169 2824 1203 2858 d.
1224 2823 1259 2858 11.
1284 2822 1364 2857 ihre
1389 2822 1644 2866 gegenseitige
1663 2819 1728 2856 Ri-

990 2870 1124 2907 valitat
1159 2869 1354 2912 bewirkte,
1393 2867 1472 2903 dass
1508 2867 1728 2912 Trebellius,
