1786 3094
596 81 743 118 LIBER
766 81 795 120 Ι.
845 81 948 120 CAP.
969 85 1121 120 *za—⁷4.
1585 84 1640 126 89

80 192 258 247 caelum,
287 193 338 234 ut
367 191 413 232 in
442 190 676 246 perniciem
708 190 866 233 civium
898 190 936 232 is
966 189 1107 232 honor
1137 192 1389 232 verteretur.
1445 190 1643 234 Cassium

78 250 337 293 histrionem
375 249 551 292 solitum
588 249 701 291 inter
740 249 848 291 alios
888 248 1078 291 eiusdem
1119 249 1226 291 artis
1267 249 1477 291 interesse
1517 250 1643 307 ludis,

80 323 187 365 quos
217 310 357 351 mater
396 323 474 351 sua
508 308 554 350 in
590 308 845 350 memoriam
877 308 1067 364 Augusti
1105 310 1336 363 sacrasset3
1375 322 1455 350 nec
1492 312 1643 352 contra

78 368 310 423 religiones
341 367 446 421 fieri,
478 367 592 423 quod
625 366 790 423 effigies
823 366 927 422 eius,
958 369 1007 409 ut
1037 367 1122 409 alia
1145 367 1373 409 numinum
1401 367 1643 420 simulacra,

78 426 398 470 venditionibus
436 426 663 469 hortorum
701 428 745 468 et
782 426 987 468 domuum
1028 426 1246 468 accedant.
1307 426 1374 468 ius
1415 426 1640 469 iurandum
1670 440 1712 471 15

75 486 254 542 perinde
279 485 594 527 aestimandum
620 500 749 540 quam
770 485 806 527 si
825 484 972 528 Iovem
991 484 1235 528 fefellisset:
1261 485 1438 527 deorum
1462 486 1642 529 iniurias

76 545 141 587 dis
173 559 311 587 curae.

195 602 287 645 Nec
318 603 456 646 multo
488 605 590 659 post
615 602 823 645 Granium
848 602 1102 646 Marcellum
1133 605 1378 658 praetorem
1410 602 1642 659 Bithyniae
1659 607 1717 649 74

78 664 283 718 quaestor
320 662 459 717 ipsius
498 661 660 718 Caepio
700 660 925 717 Crispinus
966 662 1207 705 maiestatis
1247 663 1506 718 postulavit,
1546 664 1642 706 sub-

78 721 295 764 scribente
338 721 539 764 Romano
582 720 800 776 Hispone:
852 721 926 776 qui
974 721 1162 764 formam
1205 722 1321 763 vitae
1370 722 1470 764 iniit
1514 737 1641 778 quam

75 782 228 835 postea
272 781 484 823 celebrem
528 780 727 822 miseriae
776 782 1022 835 temporum
1072 783 1116 823 et
1165 781 1369 823 audaciae
1418 781 1642 825 hominum

77 838 288 881 fecerunt.
349 854 452 881 nam
485 853 633 894 egens,
671 840 867 895 ignotuS,
905 840 1093 894 inquies,
1130 840 1232 882 dum
1265 841 1445 882 occultis
1483 841 1642 884 libellis
1669 853 1690 885 5

75 899 280 941 saevitiae
316 899 522 954 principis
561 898 748 954 adrepit,
791 913 893 940 mox
930 899 1171 941 clarissimo
1211 899 1365 953 cuique
1401 900 1643 955 periculum

74 957 272 1012 facessit,
310 958 550 1012 potentiam
590 958 701 1012 apud
742 972 899 1011 unum,
940 957 1085 1000 odium
1127 958 1239 1012 apud
1281 958 1416 1000 omnis
1460 959 1642 1015 adeptus

74 1015 192 1058 dedit
229 1017 492 1071 exemplum,
531 1017 644 1072 quod
684 1016 820 1059 secuti
859 1031 910 1058 ex
946 1017 1208 1071 pauperibus
1248 1016 1422 1072 divites,
1459 1032 1511 1059 ex
1543 1033 1641 1061 con-

73 1076 253 1130 temptis
279 1075 499 1117 metuendi
530 1076 767 1130 perniciem
800 1075 896 1118 aliis
929 1090 979 1118 ac
1010 1077 1279 1131 postremum
1313 1076 1397 1119 sibi
1428 1076 1641 1120 invenere.

76 1134 149 1176 sed
199 1134 452 1177 Marcellum
507 1135 791 1177 insimulabat
841 1134 1041 1177 sinistros
1092 1134 1142 1176 de
1192 1135 1364 1177 Tiberio
1421 1150 1639 1179 sermones
1669 1149 1714 1181 10

73 1193 290 1247 habuisse,
321 1193 574 1236 inevitabile
606 1194 779 1249 crimen,
812 1208 907 1236 cum
940 1208 992 1235 ex
1022 1194 1217 1236 moribus
1249 1194 1458 1250 principis
1483 1194 1639 1238 foedis-

75 1252 187 1294 sima
212 1266 406 1307 quaeque
431 1252 640 1308 deligeret
673 1256 898 1295 accusator
923 1252 1244 1308 obiectaretque
1270 1268 1357 1295 reo.
1407 1268 1512 1296 nam
1539 1255 1641 1309 quia
1701 1253 1704 1256 ’

75 1325 176 1353 vera
215 1314 357 1363 erant,
397 1311 527 1353 etiam
565 1312 682 1354 dicta
720 1312 1017 1354 credebantur.
1080 1312 1244 1354 addidit
1274 1312 1415 1366 Hispo
1448 1315 1639 1356 statuam

73 1369 268 1412 Marcelli
294 1370 424 1412 altius
451 1385 580 1426 quam
608 1369 839 1413 Caesarum
872 1370 1014 1425 sit-am,
1046 1373 1090 1412 et
1122 1371 1208 1413 alia
1238 1372 1283 1412 in
1315 1374 1460 1414 statua
1491 1387 1640 1428 ampu-

75 1431 168 1471 tato
200 1429 343 1484 capite
368 1429 559 1485 Augusti
591 1429 779 1483 effigiem
812 1429 973 1471 Tiberii
1003 1430 1197 1472 inditam.
1248 1431 1301 1472 ad
1335 1431 1447 1486 quod
1481 1432 1641 1474 exarsit
1669 1443 1713 1476 15

75 1487 193 1542 adeo,
226 1490 275 1530 ut
299 1491 429 1543 rupta
453 1489 754 1531 taciturnitate
779 1489 1069 1544 proclamaret
1096 1503 1140 1531 se
1167 1504 1337 1545 quoque
1362 1490 1408 1531 in
1435 1505 1484 1533 ea
1511 1506 1641 1533 causa

73 1547 263 1589 laturum
312 1548 571 1590 sententiam
620 1548 768 1602 palam
813 1550 855 1590 et
897 1549 1107 1603 iuratum,
1157 1563 1242 1604 quo
1294 1549 1447 1591 ceteris
1492 1550 1641 1592 eadem

73 1607 310 1648 necessitas
360 1606 494 1650 fieret.
567 1607 806 1649 manebant
854 1607 986 1649 etiam
1036 1610 1129 1649 tum
1178 1608 1363 1664 vestigia
1414 1609 1640 1651 morientis

73 1666 301 1708 libertatis.
350 1666 485 1721 igitur
510 1665 585 1709 Cn.
610 1665 712 1709 Piso
740 1665 858 1721 ‘quo'
889 1666 1033 1721 inquit
1065 1665 1176 1710 ‘loco
1210 1667 1418 1723 censebis,
1450 1666 1641 1711 Caesar?

73 1769 155 1805 tion
179 1770 272 1805 fiber
303 1769 363 1805 die
396 1769 671 1806 senatorischen
696 1770 818 1806 Fami-

73 1816 150 1852 lien
192 1817 270 1852 und
306 1817 344 1852 in
382 1816 601 1862 Majestats-
639 1818 716 1852 und
752 1817 818 1852 Er-

74 1874 473 1945 ffessungsprozessen
505 1865 602 1900 auch
631 1865 724 1900 iiber
759 1865 819 1900 die

109 1910 199 1946 itter
223 1912 440 1947 anvertraut

890 1771 1076 1807 vertreter
1112 1771 1281 1817 Legaten
1325 1772 1416 1807 oder
1452 1771 1637 1808 Prokura

890 1820 999 1854 toren
1043 1818 1197 1862 sandte,
1244 1818 1348 1854 sind:
1395 1819 1463 1855 das
1506 1819 1640 1865 fibrige

892 1865 943 1910 Sp
945 1864 1067 1909 anien,
1094 1847 1260 1910 Gallien,
1285 1864 1526 1911 Germanien‚
1553 1867 1639 1903 Cili-

892 1913 984 1956 cien‚
1011 1912 1167 1957 Cypern,
1194 1912 1325 1957 Syrien
1348 1913 1426 1947 und
1451 1905 1484 1948 Ᾰ
1484 1915 1639 1959 gypten.

891 1959 977 1995 Alle
1011 1958 1191 1994 Beamten
1230 1959 1296 1994 der
1331 1960 1539 1996 Provinzen
1575 1961 1639 1997 be-

892 2017 1010 2050 zogen
1033 2006 1217 2041 nunmehr
1243 2007 1338 2043 feste
1362 2006 1638 2055 Besoldungen.

940 2063 972 2094 2.
993 2060 1182 2104 postulare
1200 2059 1268 2094 hat
1290 2059 1386 2095 auch
1409 2060 1549 2096 Sueten
1568 2061 1640 2097 mit

892 2106 975 2141 dem
1003 2105 1176 2150 Genetiv,
1210 2104 1338 2142 Cicero
1370 2119 1440 2142 nur
1471 2108 1544 2143 mit
1573 2109 1640 2144 der

890 2153 1042 2199 Pr'apos.
1056 2155 1108 2190 de.
1141 2133 1248 2188 A'uch
1267 2154 1338 2188 mit
1355 2155 1509 2191 Ablativ
1529 2160 1562 2200 3,
1579 2159 1637 2193 38.

939 2210 970 2242 3.
1007 2207 1073 2252 qui
1108 2205 1258 2242 bezieht
1293 2207 1372 2243 sich
1407 2207 1476 2243 auf
1508 2207 1637 2255 capio,

891 2253 998 2289 nicht
1021 2254 1088 2289 auf
1110 2253 1241 2299 Hispo.

941 2311 973 2343 9.
999 2308 1183 2342 metuendi
1201 2307 1279 2345 scil.
1299 2307 1403 2343 facti.
1432 2329 1474 2334 —
1496 2312 1637 2354 postre-

891 2365 989 2390 mum
1007 2354 1089 2390 sibi.
1128 2354 1179 2389 Es
1199 2355 1368 2399 geschah
1388 2357 1515 2401 spater
1533 2355 1640 2392 nicht

893 2401 1030 2446 selten,
1056 2401 1138 2437 dass
1165 2401 1225 2438 die
1250 2402 1453 2438 Delatoren
1478 2402 1641 2439 bestraft

891 2448 1054 2484 wurden.

125 1961 179 1993 12.
206 1958 314 1993 ludis.
343 1957 392 1992 Es
417 1969 541 1993 waren
568 1958 734 2004 Schausp
735 1958 820 2003 iele,

74 2004 127 2039 im
140 2003 329 2039 Palatium
349 2004 509 2049 gefeiert
526 2004 604 2039 und
623 2005 703 2040 drei
717 2007 819 2052 Tage

75 2051 241 2087 dauernd
266 2051 363 2097 (ludi
387 2051 578 2096 Palatini).

125 2102 180 2134 16.
211 2099 363 2143 ρενίηάε
391 2110 500 2145 quam
529 2100 563 2134 si
592 2099 709 2135 findet
739 2099 819 2135 sich

72 2157 144 2182 nur
185 2145 282 2181 noch
327 2150 386 2191 13,
424 2150 469 2182 49
513 2149 630 2182 cetera
665 2148 820 2192 perinde

73 2193 217 2239 eyreyia
234 2204 344 2248 quam
362 2194 395 2229 si
411 2204 486 2229 non
497 2195 609 2238 Nero,
626 2195 689 2230 sed
702 2194 818 2230 Thra-

73 2241 820 2334 231.{?;ffl”d.2⁰zzz2.1sszz²ffi2⁶·p.22}{

73 2335 181 2380 quasi
220 2338 280 2380 13,
306 2338 351 2370 47
389 2336 465 2371 und
502 2336 658 2381 perinde
702 2347 746 2372 ac
787 2337 822 2372 si

74 2385 244 2465 12321101.
277 2430 331 2464 Ιιιι
351 2429 466 2465 Jahre
485 2433 531 2465 27
546 2442 580 2466 v.
596 2429 679 2466 Chr.
694 2441 820 2466 waren

73 2475 272 2511 samtliche
305 2476 510 2512 Provinzen
544 2476 584 2512 in
619 2477 710 2513 zwei
743 2477 821 2513 fast

73 2522 219 2568 gleiche
251 2523 406 2559 Halften
436 2523 588 2569 geteilt:
621 2525 681 2560 die
713 2536 818 2560 sena-

72 2570 282 2614 torimhen,
332 2581 407 2606 von
449 2570 683 2607 Prokonsuln
731 2573 820 2608 oder

73 2617 323 2662 Propratoren
357 2618 574 2663 verwaltet,
613 2619 713 2654 sind:
757 2618 818 2654 Bi-

72 2663 116 2700 th
143 2665 246 2710 nien,
278 2664 386 2708 Asia,
423 2665 533 2701 Creta
562 2666 634 2701 mit
666 2666 817 2711 Cyrene,

72 2710 107 2745 A
125 2711 217 2754 rica,
247 2712 408 2758 Achaja,
439 2712 701 2758 Macedonien‚
732 2713 817 2759 Illy-

73 2758 172 2803 rien,
207 2759 403 2794 Sardinien
436 2760 513 2794 und
547 2760 613 2795 das
647 2760 818 2796 batische

75 2804 127 2850 Sp
129 2806 250 2842 anien.
275 2806 344 2842 Die
358 2805 565 2843 Provinzen
578 2807 643 2843 des
657 2807 817 2852 Kaisers,

74 2851 112 2887 in
148 2851 288 2889 welche
319 2852 442 2889 dieser
479 2854 534 2890 als
570 2854 672 2890 seine
707 2854 816 2890 Stell-

941 2505 996 2536 11.
1022 2502 1233 2537 inevitabile
1251 2503 1398 2546 crimen,
1417 2501 1640 2547 Apposition

891 2560 976 2583 zum
1000 2548 1259 2585 Infinitivsatz.

942 2605 996 2638 14.
1022 2602 1130 2637 sitam
1144 2619 1189 2631 =
1202 2602 1377 2647 positam,
1398 2613 1424 2636 s.
1445 2613 1490 2636 zu
1510 2612 1566 2647 cp.
1581 2606 1637 2638 39.

942 2658 996 2690 16.
1046 2658 1168 2699 rupta.
1228 2654 1440 2689 Klassische
1482 2653 1638 2691 Dichter

893 2711 1026 2746 sagen:
1051 2702 1236 2737 silentium
1260 2712 1434 2746 rumpere.

940 2759 995 2790 17.
1019 2755 1147 2800 palam
1166 2753 1369 2799 mu'ndlioh,
1394 2753 1499 2790 nicht
1521 2755 1640 2791 durch

890 2802 1078 2837 discessio.

947 2858 1001 2890 19.
1052 2846 1154 2890 Uber
1191 2854 1254 2890 Cn.
1290 2853 1514 2901 Calpurnius
1551 2854 1639 2891 Piso
