1820 3100
130 1072 186 1116 57

204 77 291 120 238

638 78 867 116 CORNELII
889 78 1054 119 TAOITI,
1074 79 1336 117 ANNALIUM

205 186 480 241 condidisset,
509 188 809 231 transcendere
842 187 896 230 ad
927 202 978 231 ea
1002 188 1098 244 quis
1124 188 1310 232 maxime
1339 187 1530 232 fidebant
1559 189 1605 232 in
1634 191 1770 245 popu-

203 246 294 289 lum
325 246 570 290 Romanum
602 247 776 303 officiis,
812 247 947 290 missa
976 247 1120 291 navali
1157 248 1280 303 copia
1310 261 1400 290 non
1429 247 1559 292 modo
1589 251 1768 295 externa

145 315 167 348 5
205 305 260 347 ad
292 306 425 360 bella,
463 306 537 349 sed
569 321 676 362 quae
707 307 753 349 in
783 306 913 349 Italia
947 307 1267 362 tolerabantur3
1306 321 1435 362 seque
1465 307 1629 363 primos
1660 310 1770 354 teme.

201 365 322 420 plum
360 365 480 407 urbis
518 365 682 408 Romae
719 365 942 420 statuisse,
980 365 1037 408 M.
1067 365 1222 416 Porcio
1255 366 1447 421 consule,
1476 367 1647 422 magnis
1679 367 1770 423 qui·-

203 423 300 466 dem
343 423 430 466 iam
470 425 620 480 populi
651 424 837 468 Romani
874 425 1021 480 rebus,
1057 425 1249 468 nondum
1286 428 1434 468 tamen
1465 425 1519 468 ad
1550 440 1768 471 summum

203 483 348 538 elatis,
383 485 525 526 stante
552 483 691 526 adhuc
715 483 880 526 Punica
908 484 1015 526 urbe
1047 486 1091 526 et
1114 483 1269 527 validis
1300 498 1378 539 per
1401 483 1555 528 Asiam
1579 484 1769 541 regibus.

204 542 333 584 simul
364 541 410 584 L.
442 541 608 585 Sullam
651 545 807 585 testem
847 542 1114 597 adferebant,
1157 543 1413 599 gravissimo
1444 543 1491 586 in
1522 543 1768 589 discrimine

146 610 190 643 10
206 601 417 644 exercitus
462 602 517 644 ob
562 602 842 656 asperitatem
885 601 1041 644 hiemis
1073 604 1115 644 et
1143 602 1370 657 penuriam
1400 603 1552 659 vestis,
1595 617 1692 647 cum
1721 603 1768 647 id

202 659 435 716 Zmyrnam
465 661 511 702 in
542 660 787 703 contionem
818 661 1064 703 nuntiatum
1093 660 1218 716 foret,
1250 676 1398 704 omnes
1429 663 1502 717 qui
1534 662 1768 708 adstabant

202 719 436 762 detraxisse
474 719 645 774 corpori
679 720 875 775 tegmina
904 720 1150 775 nostrisque
1180 721 1426 777 legionibus
1458 722 1639 764 misisse.
1700 721 1766 765 ita

201 779 343 833 rogati
393 779 648 820 sententiam
691 780 838 833 patres
882 778 1143 834 Zmyrnaeos
1185 780 1438 835 praetulere.

1512 780 1764 837 censuitque

201 836 357 879 Vibius
401 837 572 880 Marsus
615 840 665 880 ut
707 837 775 880 M!
815 836 998 894 Lepido,
1041 838 1108 880 cui
1152 852 1202 880 ea
1250 839 1474 893 provincia
1517 840 1768 895 obvenerat,

142 904 186 938 15
201 910 329 951 super
353 911 579 939 numerum
604 897 834 952 legaretur,
860 897 933 952 qui
957 897 1110 952 templi
1134 911 1281 940 curam
1307 899 1554 953 susciperet.
1594 901 1638 942 et
1663 899 1768 955 quia.

199 954 386 1011 Lepidus
418 956 510 1011 ipse
542 956 729 1012 deligere
760 970 838 1012 per
867 956 1124 999 modestiam
1156 957 1386 1013 abnuebat,
1409 957 1611 1002 Valerius
1641 957 1764 1002 Naso

202 1029 224 1056 e
254 1016 486 1070 praetoriis
518 1017 632 1058 sorte
664 1015 823 1058 missus
855 1018 933 1058 est.

318 1073 437 1116 Inter
467 1089 576 1130 quae
607 1075 679 1117 diu
720 1075 926 1117 meditato
962 1074 1217 1130 prolatoque
1254 1074 1424 1129 saepius
1456 1075 1636 1118 consilio
1667 1077 1763 1119 tan-

201 1132 298 1175 dem
342 1132 502 1176 Caesar
543 1134 589 1176 in
633 1133 934 1189 Campaniam,
985 1134 1123 1189 specie
1166 1133 1392 1176 dedicandi
1439 1135 1603 1190 templa
1652 1135 1767 1190 apud

201 1191 395 1248 Capuam
424 1192 537 1249 Iovi,
575 1193 690 1248 apud
719 1192 880 1236 Nolam
917 1193 1136 1249 Augusto,
1181 1193 1255 1235 sed
1293 1195 1433 1236 certus
1470 1194 1619 1248 procul
1659 1194 1766 1238 urbe

200 1251 365 1308 degere.

431 1267 605 1295 causam
643 1253 866 1295 abscessus
906 1267 1166 1308 quamquam
1205 1255 1376 1295 secutus
1420 1252 1629 1308 plurimos
1667 1267 1764 1297 auc-

153 1320 174 1353 5
199 1313 345 1354 torum
377 1312 431 1354 ad
463 1311 607 1354 Seiani
639 1314 754 1354 artes
784 1312 953 1367 rettuli,
983 1313 1083 1367 quia
1119 1314 1266 1354 tamen
1303 1311 1432 1355 caede
1469 1312 1561 1354 eius
1592 1314 1765 1368 patrata

200 1385 274 1413 sex
303 1373 457 1426 postea
487 1385 622 1414 annos
647 1371 745 1428 pari
770 1373 933 1414 secreto
959 1370 1194 1426 coniunxit,
1224 1370 1475 1427 plerumque
1499 1385 1767 1428 permoveor,

245 1491 278 1523 3.
316 1487 569 1524 transcendere
589 1486 849 1532 ‚,1‘ibergehen“
868 1498 943 1524 von

198 1533 319 1570 einem
345 1534 429 1570 Teil
459 1534 525 1570 der
548 1533 650 1570 Rede
675 1547 759 1570 zum
783 1534 941 1578 andex-m

173 1602 178 1608 ·
197 1580 237 1616 in
262 1581 382 1618 dieser
406 1581 627 1627 Bedeutung
651 1582 730 1617 erst
759 1582 831 1617 seit
855 1582 941 1618 Vel-

197 1628 294 1675 lejus
319 1633 354 1673 2,
381 1632 461 1675 130,
486 1633 507 1665 3
533 1632 575 1664 ut
598 1629 648 1665 ad
672 1629 816 1665 maiora
839 1632 943 1665 tran-

196 1677 376 1713 scendam.
402 1697 447 1703 —
472 1677 523 1712 ad
547 1687 590 1712 ea
621 1677 703 1722 quis
728 1697 773 1703 -
798 1677 942 1721 officiis.

197 1723 246 1760 So
282 1735 352 1760 nur
381 1723 464 1760 hier
493 1724 555 1760 bei
585 1723 749 1759 Tacitus.
809 1724 859 1760 Es
893 1723 944 1760 ist

197 1771 362 1808 dieselbe
380 1771 490 1807 Form
516 1771 582 1808 der
599 1770 819 1807 Attraktion
844 1771 943 1808 beim

196 1819 346 1855 Relativ
370 1818 440 1855 wie
466 1819 549 1855 Ter.
573 1817 687 1856 Andr.
712 1818 805 1864 prol.
832 1822 853 1854 5
873 1829 942 1864 po-

190 1867 284 1913 pulo
314 1870 357 1903 ut
383 1867 570 1911 placerent
600 1877 692 1912 quas
721 1866 862 1909 fecisset
884 1866 943 1910 fa-

197 1914 312 1950 bulas.
370 1913 443 1952 Cic.
477 1914 526 1950 ad
559 1913 684 1957 Quint.
716 1913 820 1949 fratr.
854 1917 896 1957 2,
921 1917 942 1949 3

195 1962 240 1998 de
263 1962 313 1997 iis
336 1972 431 2007 quae
455 1962 498 1998 in
523 1961 681 1998 Sestium
707 1962 943 2007 apparaban-

196 2011 258 2045 twr
283 2010 453 2045 crimina.

245 2060 279 2093 5.
303 2057 346 2093 in
365 2057 497 2101 Italia,
516 2056 680 2092 namlich
704 2055 757 2091 im
776 2055 941 2091 Bundes-

194 2104 519 2151 genossenkriege.

244 2155 295 2234 6.Ἰ
322 2152 380 2187 M.
406 2151 562 2188 Porcius
588 2150 677 2188 Cato
701 2162 780 2187 war
797 2150 941 2187 Konsul

194 2197 248 2234 im
297 2226 305 2234 .
332 2202 412 2235 195.

245 2250 299 2281 10.
349 2246 486 2282 hiemis.
540 2245 588 2280 Es
618 2245 669 2281 ist
698 2245 764 2281 der
794 2244 941 2280 Winter

194 2304 269 2329 von
289 2296 333 2329 85
353 2293 420 2330 auf
435 2296 499 2336 843
526 2292 632 2328 Sulla
651 2303 728 2328 war
751 2292 849 2327 nach
874 2292 941 2328 der

197 2341 374 2377 Schlacht
390 2340 454 2376 bei
473 2340 726 2376 Orchomenos
744 2350 818 2375 von
838 2339 942 2374 Grie—

197 2387 382 2425 chenland
412 2388 508 2424 nach
544 2386 658 2423 Asien
695 2387 942 2432 iibergesetzt‚

196 2447 254 2472 wo
280 2447 319 2472 er
343 2439 391 2472 84
415 2436 490 2471 den
512 2433 710 2471 Mithridat
734 2445 817 2470 zum
841 2433 941 2470 Frie-

197 2483 270 2519 den
294 2495 434 2530 zwang.

246 2534 302 2567 14.
338 2523 440 2567 Uber
462 2530 594 2566 Vibius
611 2528 687 2576 vgl.
707 2532 741 2571 2,
762 2531 823 2572 ⁷43
849 2527 941 2564 fiber

198 2579 270 2614 M’.
296 2578 463 2625 Lepidus
487 2582 519 2622 3,
548 2581 603 2614 11.

246 2629 300 2662 15.
343 2637 453 2672 super
475 2635 665 2662 numerum
689 2626 749 2660 οτι.
794 2623 847 2658 Zu
871 2622 940 2658 Le-

196 2674 311 2718 gaten
328 2673 495 2710 wahlten
514 2671 595 2708 sich
614 2672 673 2707 die
693 2671 941 2716 Propratoren

197 2720 237 2756 in
268 2722 333 2758 der
356 2720 475 2766 Rege]
506 2720 614 2756 einen
645 2718 834 2754 Pratorier
866 2719 943 2763 (ge-

194 2779 368 2804 wesenen
403 2767 569 2814 Prator)‚
614 2766 674 2802 die
710 2764 944 2801 Prokonsuln

196 2814 276 2850 drei
324 2815 531 2852 Konsulare
586 2814 676 2850 oder
725 2812 943 2849 ausnahms-

195 2862 308 2897 weise
333 2862 528 2899 Pratorier.

1061 1486 1126 1523 57.
1179 1490 1210 1523 1.
1259 1487 1455 1525 meditatus
1479 1486 1535 1523 als
1555 1486 1705 1534 Passim
1731 1499 1760 1524 s.

1016 1546 1063 1569 zu
1088 1538 1110 1570 3
1149 1537 1182 1569 5.

1062 1584 1095 1618 2.
1113 1561 1122 1578 ’
1138 1581 1181 1616 in
1207 1579 1462 1626 Campaniam,
1488 1580 1653 1616 namfich
1673 1591 1762 1626 pro·

1013 1628 1130 1672 fectus
1147 1631 1198 1664 est
1217 1628 1306 1663 oder
1323 1629 1474 1664 secessit.
1513 1627 1562 1664 So
1579 1628 1677 1663 fehlt
1694 1628 1762 1666 das

1013 1675 1115 1712 Verb
1146 1675 1211 1711 der
1236 1675 1451 1721 Bewegung
1481 1687 1550 1710 nur
1580 1675 1678 1711 noch
1704 1679 1762 1721 14,

1016 1726 1038 1758 8
1062 1723 1159 1768 qnod
1189 1733 1290 1759 nemo
1315 1735 1340 1758 a
1369 1723 1447 1767 filio
1478 1722 1571 1768 (scil.
1595 1723 1762 1769 veniret),

1015 1769 1091 1806 viel
1121 1770 1292 1815 haufiger
1324 1770 1386 1806 bei
1412 1770 1559 1812 Cicero,
1591 1772 1762 1807 nament-

1014 1817 1093 1853 lich
1116 1817 1156 1853 in
1182 1817 1255 1852 den
1281 1816 1448 1862 Briefen,
1473 1829 1504 1852 z.
1531 1816 1572 1854 B.
1598 1816 1647 1853 ad
1670 1817 1759 1854 fam.

1017 1869 1079 1908 16,
1119 1868 1162 1901 17
1199 1868 1293 1910 puto
1327 1867 1521 1910 utrumque
1557 1865 1608 1901 ad
1644 1875 1764 1911 aquas

1016 1911 1110 1959 (scil.
1143 1912 1375 1958 profectum).
1431 1911 1490 1948 ad.
1521 1912 1600 1948 Att.
1627 1915 1689 1957 11,
1714 1915 1760 1950 22

1016 1961 1094 2042 qut?i
1103 1963 1298 2042 sefzzeyant
1327 1970 1481 2007 usquam
1504 1959 1761 2007 (profecturos)

1016 2019 1068 2044 un
1120 2019 1141 2043 o
1178 2018 1229 2043 er.

1060 2059 1092 2092 3.
1141 2046 1241 2091 Uber
1271 2054 1374 2100 apud
1405 2054 1499 2089 statt
1527 2054 1571 2090 in
1603 2065 1630 2090 s.
1658 2052 1763 2097 Einl.

1012 2107 1044 2146 §-
1071 2106 1128 2138 50.
1149 2122 1193 2128 -—
1213 2105 1331 2139 certus
1350 2113 1381 2137 c.
1406 2100 1508 2137 infin.
1531 2101 1630 2137 nach
1654 2101 1760 2148 Virg.

1011 2151 1103 2186 Aen.
1129 2153 1163 2192 4,
1189 2152 1257 2185 563
1285 2153 1383 2186 certa
1406 2149 1510 2185 mori.

1060 2200 1093 2234 5.
1152 2196 1222 2232 Die
1255 2195 1396 2232 Motive
1429 2195 1494 2232 des
1532 2194 1693 2231 Seianus
1729 2207 1758 2231 s.

1013 2255 1070 2291 cp.
1102 2248 1159 2280 41.
1192 2264 1237 2270 —
1268 2254 1331 2280 sex
1355 2253 1472 2279 annos
1494 2263 1542 2268 —
1566 2243 1762 2279 coniunxit

1013 2303 1082 2338 „er
1111 2291 1266 2327 brachte
1296 2291 1402 2327 sechs
1433 2289 1546 2326 Jahre
1580 2291 1760 2327 ununter-

1014 2340 1179 2375 brochen
1203 2341 1283 2376 zu“.
1327 2338 1395 2374 Die
1415 2336 1669 2383 Hinrichtung
1693 2337 1760 2374 des

1015 2387 1127 2433 Sejan
1153 2385 1292 2432 erfolgt
1315 2385 1368 2420 im
1392 2384 1426 2422 J.
1452 2388 1509 2420 31.

1061 2439 1094 2470 6.
1107 2434 1316 2480 plerumque
1322 2442 1530 2479 permoveor
1541 2430 1624 2478 „oft
1634 2429 1759 2467 werde

1012 2481 1074 2517 ich
1104 2481 1279 2517 unsicher
1302 2480 1495 2527 gemacht,
1521 2477 1757 2514 schwanke“.

1011 2529 1088 2564 Der
1105 2527 1301 2564 Ausdruck
1325 2528 1377 2564 ist
1401 2538 1442 2563 so
1467 2524 1758 2571 unerhorandass

1011 2575 1136 2611 Ritter
1166 2576 1346 2621 ambiqere
1376 2572 1594 2610 einschiebt.
1654 2570 1758 2607 Ahn-

1011 2623 1089 2658 lich
1113 2623 1163 2658 ist
1187 2623 1277 2659 aber
1302 2622 1438 2659 adduci
1459 2631 1529 2665 „zu
1554 2619 1657 2655 einer
1678 2620 1758 2654 An-

1015 2670 1114 2706 sicht
1137 2671 1318 2716 bewogen
1341 2668 1530 2711 werden“‚
1555 2678 1586 2702 z.
1611 2665 1653 2702 B.
1680 2665 1756 2703 Cic.

1014 2729 1082 2763 pro
1103 2717 1246 2754 Cluent.
1266 2721 1311 2753 37
1332 2715 1484 2752 adducti
1500 2714 1639 2750 iudices
1656 2716 1770 2759 sunt,

1014 2775 1090 2801 non
1124 2765 1228 2801 modo
1260 2764 1423 2809 potuisse
1457 2762 1599 2798 honeste
1634 2761 1680 2797 ab
1716 2771 1758 2797 eo

1014 2823 1115 2848 reum
1139 2811 1372 2849 condemnari
1402 2812 1474 2852 ott„
1506 2808 1674 2855 haufiger
1698 2807 1757 2854 je·

1014 2860 1111 2896 doch
1135 2859 1299 2896 adducor
1322 2861 1364 2894 ut
1387 2857 1541 2894 credam.
