1768 3120
106 354 164 398 32

105 1369 162 1412 33

178 126 235 169 62
598 126 824 163 CORNELII
850 126 1011 163 TACITI
1035 126 1295 164 ANNALIUM

179 235 306 278 sitam
337 250 429 278 rem
459 236 719 291 Romanam,
757 235 845 278 suis
883 236 1073 279 victoriis
1106 237 1253 292 augeri
1290 250 1382 278 rem
1412 235 1646 291 publicam,
1685 234 1731 278 in

178 309 300 338 suum
333 298 664 352 cognomentum
696 294 877 338 adscisci
907 296 1202 351 imperatores,

295 353 386 397 Nec
416 355 585 409 legatus
617 354 789 397 obviam
820 355 930 410 ibat3
969 355 1126 410 quippe
1157 355 1345 409 plurium
1375 352 1601 396 vaecordia
1632 366 1731 396 con-

178 413 384 456 stantiam
416 415 642 456 exemerat.
697 416 872 469 repente
897 414 1112 469 lymphati
1138 413 1355 456 destrictis
1381 412 1535 469 gladiis
1561 411 1608 453 in
1632 425 1731 454 cen—

175 473 366 515 turiones
402 473 628 515 invadunt:
672 487 722 514 ea
759 473 1049 515 vetustissima
1086 472 1347 515 militaribus
1386 471 1494 514 odiis
1532 471 1734 514 materies

177 534 221 574 et
252 531 468 574 saeviendi
498 531 768 587 principium.
828 534 1070 587 prostratos
1107 532 1354 574 verberibus
1387 531 1588 586 mulcant,
1614 545 1732 573 sexa-

141 604 162 636 5
177 591 276 647 geni
302 592 510 646 singulos,
541 593 590 633 ut
613 605 837 633 numerum
865 591 1163 634 centurionum
1189 591 1491 647 adaequarent,
1514 592 1609 631 tum
1634 603 1732 633 con-

176 651 320 693 vulsos
364 650 634 705 laniatosque
678 652 721 692 et
762 650 921 705 partim
958 651 1176 692 exanimos
1224 653 1323 692 ante
1360 649 1522 691 vallum
1566 650 1642 691 aut
1685 647 1733 691 in

177 724 347 751 amnem
378 709 575 752 Rhenum
606 709 833 764 proiciunt.
896 708 1126 764 Septimius
1158 724 1254 751 cum
1285 708 1544 764 perfugisset
1575 707 1628 750 ad
1658 707 1733 749 tri-

175 768 308 811 bunal
346 768 608 823 pedibusque
647 767 855 811 Caecinae
893 768 1209 823 advolveretur,
1248 783 1298 810 eo
1340 781 1486 822 usque.
1510 766 1734 822 flagitatus

176 830 256 882 est,
287 827 420 870 donec
453 827 507 869 ad
538 827 717 869 exitium
748 827 984 870 dederetur.
1040 826 1214 871 Cassius
1247 826 1451 881 Chaerea,
1482 839 1581 868 mox
1606 825 1733 868 caede

118 889 162 921 10
176 885 258 929 Grai
283 885 481 929 Caesaris
506 887 758 929 memoriam
785 887 897 942 apud
921 889 1119 942 posteros
1147 887 1337 942 adeptus,
1367 888 1459 928 tum
1485 885 1735 928 adulescens

176 947 219 988 et
257 946 390 987 animi
426 945 564 1000 ferox,
599 946 714 988 inter
751 946 974 988 obstantes
1012 948 1055 988 et
1092 949 1280 988 armatos
1317 946 1430 988 ferro
1462 945 1578 987 viam
1614 946 1733 999 pate-

174 1004 291 1047 fecit.
329 1019 415 1048 non
437 1004 636 1046 tribunus
655 1004 782 1060 ultra,
802 1019 890 1046 non
910 1007 1148 1047 castrorum
1168 1005 1409 1060 praefectus
1435 1004 1501 1046 ius
1522 1003 1733 1046 obtinuit:

175 1063 368 1120 vigilias,
401 1064 622 1118 stationes,
653 1066 696 1105 et
727 1064 764 1105 si
796 1078 881 1119 qua
912 1064 998 1106 alia
1027 1078 1231 1119 praesens
1262 1078 1364 1106 usus
1395 1063 1619 1118 indixerat,
1649 1061 1734 1117 ipsi

174 1123 486 1178 partiebantur.

551 1123 594 1165 id
638 1123 848 1165 militares
881 1123 1046 1165 animos
1079 1123 1209 1165 altius
1244 1122 1583 1165 coniectantibus
1613 1135 1734 1177 prae-

120 1182 349 1237 1501puum
380 1181 585 1224 indicium
616 1182 762 1238 magni
794 1185 921 1238 atque
961 1182 1235 1238 inplacabilis
1267 1184 1423 1236 motus,
1453 1180 1566 1236 quod
1595 1194 1733 1236 neque

178 1241 346 1284 disiecti
371 1255 449 1283 nec
474 1255 707 1297 paucorum
731 1241 952 1297 instinctu,
977 1241 1051 1284 sed
1075 1241 1237 1297 pariter
1268 1241 1549 1295 ardescerent,
1572 1240 1737 1295 pariter

175 1301 362 1355 silerent,
392 1303 516 1343 tanta
547 1300 811 1356 aequalitate
845 1304 888 1342 et
919 1301 1176 1355 constantia,
1200 1303 1248 1342 ut
1278 1300 1372 1356 regi
1402 1299 1608 1342 crederes.

297 1359 470 1402 Interea
501 1359 755 1402 Germanico
794 1374 870 1415 per
908 1359 1090 1415 Gallias,
1126 1362 1175 1402 ut
1206 1359 1404 1413 diximus,
1443 1373 1594 1402 census
1625 1357 1734 1401 acci-

178 1419 316 1474 pienti
335 1419 566 1462 excessisse
584 1419 831 1474 Augustum
851 1418 1052 1461 adfertur.
1084 1421 1257 1474 neptem
1277 1419 1366 1460 eius
1381 1418 1667 1474 Agrippinam
1686 1417 1734 1459 in

175 1478 449 1521 matrimonio
481 1478 709 1534 pluresque
742 1493 793 1520 ex
825 1493 875 1520 ea
906 1478 1064 1520 liberos
1089 1478 1290 1533 habebat,
1315 1478 1406 1532 ipse
1432 1477 1574 1519 Druso
1600 1476 1735 1519 fratre

175 1537 337 1579 Tiberii
361 1537 545 1593 genitus,
571 1537 795 1593 Augustae
820 1552 965 1593 nepos,
992 1537 1065 1579 sed
1091 1537 1243 1579 anxius
1265 1536 1473 1579 occultis
1461 1551 1505 1578 1n
1525 1550 1570 1578 se
1589 1535 1733 1591 patrui

141 1596 382 1651 5aviaeque
413 1596 540 1652 odiis,
571 1611 751 1652 quorum
782 1611 934 1639 causae
968 1597 1171 1652 acriores,
1203 1596 1304 1651 quia
1334 1595 1516 1650 iniquae.
1578 1595 1734 1651 quippe

176 1655 307 1698 Drusi
333 1670 492 1712 magna
518 1656 632 1711 apud
656 1656 861 1711 populum
881 1655 1124 1698 Romanum
1148 1655 1367 1709 memoria,
1386 1654 1736 1710 credebaturque,

175 1715 212 1757 si
242 1730 385 1757 rerum
410 1715 573 1770 potitus
597 1715 724 1770 foret,
749 1715 995 1757 libertatem
1020 1715 1282 1770 redditurus;
1307 1713 1455 1756 unde
1443 1728 1489 1755 1n
1514 1713 1734 1756 Germani-

176 1788 272 1816 cum
311 1774 436 1817 favor
475 1777 518 1817 et
549 1789 646 1829 spes
679 1774 843 1818 eadem.
897 1789 997 1817 nam
1034 1775 1177 1817 iuveni
1209 1748 1334 1816 civ’ile
1365 1773 1596 1829 ingenium,
1627 1773 1737 1814 mira

224 1918 280 1950 22.
301 1917 581 1961 eoynomentam,
601 1913 662 1950 die
678 1914 788 1950 Form
805 1915 918 1950 schon

175 1961 238 1997 bei
267 1961 424 1997 Plautus
460 1963 533 1997 und
574 1962 733 2005 Sallust,
767 1961 919 1997 unklas-

177 2009 286 2045 sisch.
355 2009 436 2044 Den
479 2008 679 2045 Beinamen
727 2009 919 2046 Germani-

177 2067 240 2092 cus
275 2055 400 2092 ffihrte
431 2057 497 2092 der
530 2057 645 2092 §.ltere
676 2056 815 2092 Drusus
845 2057 922 2092 und

177 2104 256 2139 sein
300 2104 399 2139 Sohn
442 2104 587 2149 zufolge
631 2103 731 2139 eines
775 2104 922 2140 Senats-

175 2151 420 2233 beffilsslusses,
440 2151 619 2186 zuweilen
640 2152 735 2187 auch
750 2151 921 2187 Tiberius

177 2209 215 2234 se
259 2209 276 2233 s
296 2226 304 2234 .

223 2256 288 2292 32.
309 2260 341 2292 2.
357 2257 573 2303 lymphatus,
594 2257 820 2293 dichterisch
841 2258 919 2293 und

174 2304 467 2341 nachklassisch.

223 2367 255 2399 4.
287 2364 474 2408 seoeaqeni,
512 2363 594 2398 eine
627 2362 918 2409 eigentfimliche

175 2410 328 2455 Malice,
362 2410 423 2446 die
460 2410 663 2455 allerdings
702 2421 750 2446 an
776 2410 917 2446 Wahn-

176 2457 259 2493 sinn
282 2459 422 2504 grenzt.

224 2516 256 2549 6.
282 2511 419 2547 Weder
449 2512 640 2547 exanimas
669 2511 765 2547 noch
789 2511 917 2546 exani-

175 2560 244 2595 mis
257 2559 372 2595 findet
391 2559 470 2594 sich
490 2558 530 2593 in
546 2557 772 2594 klassischer
783 2559 916 2602 Prosa;

175 2606 283 2642 beide
307 2606 420 2642 meist
443 2618 513 2641 nur
537 2606 598 2642 bei
623 2605 813 2641 Dichtern.

224 2663 256 2694 7.
282 2659 488 2705 Septimius,
514 2659 614 2695 einer
639 2660 704 2695 der
729 2658 916 2695 Centurio·

176 2717 259 2750 nen,
285 2709 386 2742 sonst
408 2706 514 2742 nicht
539 2707 716 2743 erwahnt.

224 2769 255 2801 9,
296 2766 444 2801 Cassius
482 2766 639 2802 Chaerea
677 2765 823 2801 erstach
861 2765 916 2800 als

176 2812 317 2847 Tribun
353 2813 418 2848 der
454 2812 689 2848 Pratorianer
723 2813 775 2847 im
805 2812 838 2849 J.
870 2816 913 2847 41

176 2859 246 2894 den
273 2859 460 2904 Caligula,
487 2871 556 2895 von
584 2860 669 2895 dem
695 2871 734 2895 er
764 2864 915 2905 person—

175 2906 251 2942 lich
277 2905 461 2952 beleidigt
487 2918 572 2942 war.

1039 1917 1094 1949 11.
1091 1904 1231 2006 l{lber
1273 1913 1390 1949 animi
1430 1913 1534 1957 ferox
1572 1924 1598 1948 s.
1633 1910 1732 1950 Einl.

1015 1989 1099 2045 14.
1115 2009 1261 2051 altius,
1265 2006 1406 2052 ,tiefer“
1424 2017 1510 2042 vom
1530 2005 1735 2042 Versffind-

991 2056 1061 2092 nis.
1123 2035 1321 2092 coniect'are
1351 2055 1391 2090 in
1427 2054 1493 2090 der
1515 2053 1736 2108 Bedeutung

994 2103 1223 2147 Mauffassen
1261 2102 1496 2138 beurteilen“
1533 2101 1631 2137 auch
1672 2101 1735 2136 bei

993 2131 1241 2195 'Liv.29,1’4
1272 2149 1504 2186 coniectando
1533 2160 1606 2184 rem
1636 2152 1734 2184 vetu-

990 2201 1080 2234 state
1105 2198 1281 2234 obrutam.

1039 2249 1093 2280 16.
1121 2245 1303 2280 ardescere
1340 2243 1448 2289 (statt
1481 2243 1608 2279 ardere
1644 2241 1733 2278 oder

990 2292 1231 2337 exardescere)
1257 2291 1354 2326 oster
1377 2289 1439 2326 bei
1463 2289 1627 2336 Tacitus,
1653 2289 1729 2325 fru-

990 2341 1057 2376 her
1080 2351 1150 2374 nur
1175 2339 1233 2374 bei
1258 2338 1446 2374 Dichtern.

1037 2386 1100 2422 33.
1127 2390 1159 2422 2.
1191 2388 1347 2431 neptem,
1380 2385 1436 2420 als
1468 2384 1631 2420 Tochter
1666 2383 1733 2419 der

988 2434 1098 2470 Julia.

1037 2486 1069 2518 3.
1096 2481 1240 2517 liberos:
1272 2479 1388 2524 Nero,
1415 2478 1604 2524 Caligula,
1634 2479 1728 2514 Dru·

990 2540 1050 2564 sus
1076 2528 1151 2564 und
1175 2527 1395 2573 Agrippina,
1421 2527 1480 2562 die
1499 2525 1639 2562 Mutter
1663 2526 1728 2562 des
1764 2531 1768 2551 -‘

988 2575 1135 2611 Kaisers
1160 2575 1269 2611 Nero.

1034 2626 1067 2658 4.
1105 2624 1308 2667 Auyustae,
1345 2621 1450 2657 Livia
1491 2620 1547 2655 als
1590 2619 1730 2655 Mutter
1765 2663 1768 2668 Ι

988 2669 1052 2705 des
1077 2668 1230 2704 Drusus
1253 2690 1293 2694 —
1311 2669 1452 2714 patrui,
1478 2666 1647 2703 Tiberius
1672 2666 1729 2702 als

987 2717 1128 2752 Bruder
1153 2716 1216 2752 des
1241 2716 1391 2752 Drusus.
1764 2751 1768 2762 Ζ

1036 2768 1066 2800 7.
1105 2764 1302 2799 libertatem
1344 2763 1490 2799 reddere
1533 2761 1621 2806 „die
1657 2761 1727 2796 Re·
1764 2766 1768 2794 ¹.

987 2811 1119 2857 publik
1137 2809 1509 2846 wiederherstellen“.
1533 2789 1626 2844 ’'Bei
1649 2807 1728 2844 red·
1756 2818 1768 2856 ,ςῇ

987 2860 1134 2894 diturus
1182 2858 1232 2893 ist
1280 2858 1393 2901 fuisse
1441 2868 1486 2892 zu
1534 2857 1725 2900 erganzen.
1754 2862 1768 2900 ’ξ-

987 2906 1083 2942 Einl.
1109 2909 1139 2948 ἓ.
1165 2909 1222 2950 20,
1248 2917 1278 2941 c.
1764 2902 1768 2914 ³
