<?xml version="1.0" encoding="UTF-8"?>
<!DOCTYPE html PUBLIC "-//W3C//DTD XHTML 1.0 Transitional//EN"
    "http://www.w3.org/TR/xhtml1/DTD/xhtml1-transitional.dtd">
<html xmlns="http://www.w3.org/1999/xhtml" xml:lang="en" lang="en">
 <head>
  <title>
</title>
<meta http-equiv="Content-Type" content="text/html;charset=utf-8" />
  <meta name='ocr-system' content='tesseract 3.04.00' />
  <meta name='ocr-capabilities' content='ocr_page ocr_carea ocr_par ocr_line ocrx_word'/>
</head>
<body>
  <div class='ocr_page' id='page_1' title='image "./dieannalen01taciuoft_0136.png"; bbox 0 0 1794 3106; ppageno 0'>
   <div class='ocr_carea' id='block_1_1' title="bbox 123 452 165 484">
    <p class='ocr_par' dir='ltr' id='par_1_1' title="bbox 123 452 165 484">
     <span class='ocr_line' id='line_1_1' title="bbox 123 452 165 484; baseline 0.024 -1"><span class='ocrx_word' id='word_1_1' title='bbox 123 452 165 484; x_wconf 92' lang='grc'><strong>10</strong></span> 
     </span>
    </p>
   </div>
   <div class='ocr_carea' id='block_1_2' title="bbox 121 746 164 778">
    <p class='ocr_par' dir='ltr' id='par_1_2' title="bbox 121 746 164 778">
     <span class='ocr_line' id='line_1_2' title="bbox 121 746 164 778; baseline 0.023 -1"><span class='ocrx_word' id='word_1_2' title='bbox 121 746 164 778; x_wconf 81' lang='lat'><strong>15</strong></span> 
     </span>
    </p>
   </div>
   <div class='ocr_carea' id='block_1_3' title="bbox 119 1040 163 1072">
    <p class='ocr_par' dir='ltr' id='par_1_3' title="bbox 119 1040 163 1072">
     <span class='ocr_line' id='line_1_3' title="bbox 119 1040 163 1072; baseline 0 0"><span class='ocrx_word' id='word_1_3' title='bbox 119 1040 163 1072; x_wconf 81' lang='lat'><strong>‘20</strong></span> 
     </span>
    </p>
   </div>
   <div class='ocr_carea' id='block_1_4' title="bbox 118 1207 173 1249">
    <p class='ocr_par' dir='ltr' id='par_1_4' title="bbox 118 1207 173 1249">
     <span class='ocr_line' id='line_1_4' title="bbox 118 1207 173 1249; baseline 0.018 -1"><span class='ocrx_word' id='word_1_4' title='bbox 118 1207 173 1249; x_wconf 82' lang='lat'><strong>47</strong></span> 
     </span>
    </p>
   </div>
   <div class='ocr_carea' id='block_1_5' title="bbox 142 1453 162 1484">
    <p class='ocr_par' dir='ltr' id='par_1_5' title="bbox 142 1453 162 1484">
     <span class='ocr_line' id='line_1_5' title="bbox 142 1453 162 1484; baseline 0 0"><span class='ocrx_word' id='word_1_5' title='bbox 142 1453 162 1484; x_wconf 88' lang='grc'>5</span> 
     </span>
    </p>
   </div>
   <div class='ocr_carea' id='block_1_6' title="bbox 117 1747 160 1779">
    <p class='ocr_par' dir='ltr' id='par_1_6' title="bbox 117 1747 160 1779">
     <span class='ocr_line' id='line_1_6' title="bbox 117 1747 160 1779; baseline 0.047 -2"><span class='ocrx_word' id='word_1_6' title='bbox 117 1747 160 1779; x_wconf 91' lang='grc'><strong>10</strong></span> 
     </span>
    </p>
   </div>
   <div class='ocr_carea' id='block_1_7' title="bbox 193 97 1319 139">
    <p class='ocr_par' dir='ltr' id='par_1_7' title="bbox 193 97 1319 139">
     <span class='ocr_line' id='line_1_7' title="bbox 193 97 1319 139; baseline -0.004 0"><span class='ocrx_word' id='word_1_7' title='bbox 193 97 279 139; x_wconf 82' lang='grc'><strong>124</strong></span> <span class='ocrx_word' id='word_1_8' title='bbox 616 98 844 135; x_wconf 84' lang='lat' dir='ltr'>CORNELII</span> <span class='ocrx_word' id='word_1_9' title='bbox 870 98 1035 135; x_wconf 87' lang='grc' dir='ltr'><strong>ΤΑΟΙΤΙ</strong></span> <span class='ocrx_word' id='word_1_10' title='bbox 1058 99 1127 135; x_wconf 88' lang='lat' dir='ltr'><strong>AN</strong></span> <span class='ocrx_word' id='word_1_11' title='bbox 1129 100 1162 135; x_wconf 90' lang='lat' dir='ltr'>N</span> <span class='ocrx_word' id='word_1_12' title='bbox 1165 98 1319 135; x_wconf 85' lang='lat' dir='ltr'><strong>ALIUM</strong></span> 
     </span>
    </p>
   </div>
   <div class='ocr_carea' id='block_1_8' title="bbox 185 205 1747 1915">
    <p class='ocr_par' dir='ltr' id='par_1_8' title="bbox 185 205 1747 1915">
     <span class='ocr_line' id='line_1_8' title="bbox 190 205 1744 263; baseline 0.002 -15"><span class='ocrx_word' id='word_1_13' title='bbox 190 205 353 248; x_wconf 86' lang='lat' dir='ltr'><strong>fraudis</strong></span> <span class='ocrx_word' id='word_1_14' title='bbox 378 206 576 261; x_wconf 87' lang='lat' dir='ltr'><strong>ignarum</strong></span> <span class='ocrx_word' id='word_1_15' title='bbox 601 207 778 262; x_wconf 88' lang='lat' dir='ltr'><strong>perfidia</strong></span> <span class='ocrx_word' id='word_1_16' title='bbox 797 207 1204 263; x_wconf 57' lang='lat' dir='ltr'><strong>deceperit,2magna</strong></span> <span class='ocrx_word' id='word_1_17' title='bbox 1223 222 1319 250; x_wconf 89' lang='lat' dir='ltr'><strong>cum</strong></span> <span class='ocrx_word' id='word_1_18' title='bbox 1345 207 1465 250; x_wconf 87' lang='lat' dir='ltr'><strong>clade</strong></span> <span class='ocrx_word' id='word_1_19' title='bbox 1485 206 1744 253; x_wconf 82' lang='lat' dir='ltr'>Germaniae</span> 
     </span>
     <span class='ocr_line' id='line_1_9' title="bbox 191 266 1743 322; baseline 0.002 -15"><span class='ocrx_word' id='word_1_20' title='bbox 191 267 235 307; x_wconf 89' lang='lat' dir='ltr'><strong>et</strong></span> <span class='ocrx_word' id='word_1_21' title='bbox 273 266 513 322; x_wconf 82' lang='lat' dir='ltr'><strong>ignominia</strong></span> <span class='ocrx_word' id='word_1_22' title='bbox 554 281 648 321; x_wconf 89' lang='lat' dir='ltr'><strong>sua,</strong></span> <span class='ocrx_word' id='word_1_23' title='bbox 697 281 792 309; x_wconf 92' lang='lat' dir='ltr'><strong>cum</strong></span> <span class='ocrx_word' id='word_1_24' title='bbox 838 267 1041 321; x_wconf 87' lang='lat' dir='ltr'><strong>coniunx,</strong></span> <span class='ocrx_word' id='word_1_25' title='bbox 1084 282 1180 309; x_wconf 91' lang='lat' dir='ltr'><strong>cum</strong></span> <span class='ocrx_word' id='word_1_26' title='bbox 1223 267 1339 308; x_wconf 91' lang='lat' dir='ltr'><strong>filius</strong></span> <span class='ocrx_word' id='word_1_27' title='bbox 1384 268 1474 309; x_wconf 90' lang='lat' dir='ltr'><strong>eius</strong></span> <span class='ocrx_word' id='word_1_28' title='bbox 1521 267 1743 310; x_wconf 89' lang='lat' dir='ltr'><strong>servitium</strong></span> 
     </span>
     <span class='ocr_line' id='line_1_10' title="bbox 192 324 1743 381; baseline 0.002 -15"><span class='ocrx_word' id='word_1_29' title='bbox 192 324 330 366; x_wconf 89' lang='lat' dir='ltr'><strong>adhuc</strong></span> <span class='ocrx_word' id='word_1_30' title='bbox 354 325 549 368; x_wconf 85' lang='lat' dir='ltr'><strong>tolerent.</strong></span> <span class='ocrx_word' id='word_1_31' title='bbox 590 328 635 367; x_wconf 91' lang='lat' dir='ltr'><strong>at</strong></span> <span class='ocrx_word' id='word_1_32' title='bbox 660 340 703 367; x_wconf 91' lang='lat' dir='ltr'><strong>se</strong></span> <span class='ocrx_word' id='word_1_33' title='bbox 724 325 945 368; x_wconf 82' lang='lat' dir='ltr'><strong>duodecim</strong></span> <span class='ocrx_word' id='word_1_34' title='bbox 971 325 1213 381; x_wconf 85' lang='lat' dir='ltr'><strong>legionibus</strong></span> <span class='ocrx_word' id='word_1_35' title='bbox 1238 326 1420 381; x_wconf 89' lang='lat' dir='ltr'><strong>petitum</strong></span> <span class='ocrx_word' id='word_1_36' title='bbox 1447 325 1552 368; x_wconf 90' lang='lat' dir='ltr'><strong>duce</strong></span> <span class='ocrx_word' id='word_1_37' title='bbox 1571 325 1743 369; x_wconf 86' lang='lat' dir='ltr'><strong>Tiberio</strong></span> 
     </span>
     <span class='ocr_line' id='line_1_11' title="bbox 191 383 1744 441; baseline 0.002 -16"><span class='ocrx_word' id='word_1_38' title='bbox 191 383 422 426; x_wconf 71' lang='lat' dir='ltr'><strong>inlibatam</strong></span> <span class='ocrx_word' id='word_1_39' title='bbox 454 383 765 427; x_wconf 81' lang='lat' dir='ltr'><strong>Germanorum</strong></span> <span class='ocrx_word' id='word_1_40' title='bbox 797 385 979 440; x_wconf 81' lang='lat' dir='ltr'><strong>gloriam</strong></span> <span class='ocrx_word' id='word_1_41' title='bbox 1012 386 1259 441; x_wconf 82' lang='lat' dir='ltr'><strong>servavisse,</strong></span> <span class='ocrx_word' id='word_1_42' title='bbox 1291 400 1391 427; x_wconf 90' lang='lat' dir='ltr'><strong>mox</strong></span> <span class='ocrx_word' id='word_1_43' title='bbox 1422 385 1744 428; x_wconf 84' lang='lat' dir='ltr'><strong>condicionibus</strong></span> 
     </span>
     <span class='ocr_line' id='line_1_12' title="bbox 192 443 1745 500; baseline 0.001 -16"><span class='ocrx_word' id='word_1_44' title='bbox 192 443 339 497; x_wconf 88' lang='lat' dir='ltr'><strong>aequis</strong></span> <span class='ocrx_word' id='word_1_45' title='bbox 372 443 625 498; x_wconf 82' lang='lat' dir='ltr'><strong>discessum3</strong></span> <span class='ocrx_word' id='word_1_46' title='bbox 655 457 792 498; x_wconf 92' lang='lat' dir='ltr'><strong>neque</strong></span> <span class='ocrx_word' id='word_1_47' title='bbox 823 443 1041 498; x_wconf 87' lang='lat' dir='ltr'><strong>paenitere</strong></span> <span class='ocrx_word' id='word_1_48' title='bbox 1072 444 1185 498; x_wconf 91' lang='lat' dir='ltr'><strong>quod</strong></span> <span class='ocrx_word' id='word_1_49' title='bbox 1216 444 1406 499; x_wconf 88' lang='lat' dir='ltr'><strong>ipsorum</strong></span> <span class='ocrx_word' id='word_1_50' title='bbox 1438 444 1482 485; x_wconf 92' lang='lat' dir='ltr'><strong>in</strong></span> <span class='ocrx_word' id='word_1_51' title='bbox 1513 458 1644 485; x_wconf 88' lang='lat' dir='ltr'><strong>manu</strong></span> <span class='ocrx_word' id='word_1_52' title='bbox 1676 444 1745 500; x_wconf 85' lang='lat' dir='ltr'><strong>sit,</strong></span> 
     </span>
     <span class='ocr_line' id='line_1_13' title="bbox 190 501 1745 558; baseline 0.001 -15"><span class='ocrx_word' id='word_1_53' title='bbox 190 501 406 557; x_wconf 90' lang='lat' dir='ltr'><strong>integrum</strong></span> <span class='ocrx_word' id='word_1_54' title='bbox 450 502 674 545; x_wconf 89' lang='lat' dir='ltr'><strong>adversum</strong></span> <span class='ocrx_word' id='word_1_55' title='bbox 719 501 937 544; x_wconf 88' lang='lat' dir='ltr'><strong>Romanos</strong></span> <span class='ocrx_word' id='word_1_56' title='bbox 981 502 1144 544; x_wconf 90' lang='lat' dir='ltr'><strong>bellum</strong></span> <span class='ocrx_word' id='word_1_57' title='bbox 1192 518 1245 544; x_wconf 87' lang='lat' dir='ltr'><strong>an</strong></span> <span class='ocrx_word' id='word_1_58' title='bbox 1285 517 1435 558; x_wconf 88' lang='lat' dir='ltr'><strong>pacem</strong></span> <span class='ocrx_word' id='word_1_59' title='bbox 1479 502 1745 545; x_wconf 71' lang='lat' dir='ltr'><strong>incruentam</strong></span> 
     </span>
     <span class='ocr_line' id='line_1_14' title="bbox 191 561 1744 617; baseline 0.001 -15"><span class='ocrx_word' id='word_1_60' title='bbox 191 561 356 603; x_wconf 86' lang='lat' dir='ltr'><strong>malint.</strong></span> <span class='ocrx_word' id='word_1_61' title='bbox 399 561 468 603; x_wconf 88' lang='lat' dir='ltr'><strong>his</strong></span> <span class='ocrx_word' id='word_1_62' title='bbox 487 561 661 604; x_wconf 91' lang='lat' dir='ltr'><strong>vocibus</strong></span> <span class='ocrx_word' id='word_1_63' title='bbox 686 562 915 604; x_wconf 88' lang='lat' dir='ltr'><strong>instinctos</strong></span> <span class='ocrx_word' id='word_1_64' title='bbox 942 562 1150 603; x_wconf 86' lang='lat' dir='ltr'><strong>exercitus</strong></span> <span class='ocrx_word' id='word_1_65' title='bbox 1176 563 1375 617; x_wconf 90' lang='lat' dir='ltr'><strong>propriae</strong></span> <span class='ocrx_word' id='word_1_66' title='bbox 1395 576 1563 617; x_wconf 92' lang='lat' dir='ltr'><strong>quoque</strong></span> <span class='ocrx_word' id='word_1_67' title='bbox 1590 576 1744 605; x_wconf 86' lang='lat' dir='ltr'><strong>causae</strong></span> 
     </span>
     <span class='ocr_line' id='line_1_15' title="bbox 192 619 1743 676; baseline 0.002 -15"><span class='ocrx_word' id='word_1_68' title='bbox 192 619 495 675; x_wconf 69' lang='lat' dir='ltr'><strong>stimulabant,</strong></span> <span class='ocrx_word' id='word_1_69' title='bbox 541 635 637 662; x_wconf 89' lang='lat' dir='ltr'><strong>cum</strong></span> <span class='ocrx_word' id='word_1_70' title='bbox 679 635 704 662; x_wconf 90' lang='lat' dir='ltr'><strong>a</strong></span> <span class='ocrx_word' id='word_1_71' title='bbox 747 619 973 663; x_wconf 83' lang='lat' dir='ltr'><strong>Cheruscis</strong></span> <span class='ocrx_word' id='word_1_72' title='bbox 1016 620 1396 676; x_wconf 84' lang='lat' dir='ltr'><strong>Langobardisque</strong></span> <span class='ocrx_word' id='word_1_73' title='bbox 1443 635 1522 676; x_wconf 92' lang='lat' dir='ltr'><strong>pro</strong></span> <span class='ocrx_word' id='word_1_74' title='bbox 1567 621 1743 676; x_wconf 89' lang='lat' dir='ltr'><strong>antiquo</strong></span> 
     </span>
     <span class='ocr_line' id='line_1_16' title="bbox 191 678 1746 735; baseline 0.001 -15"><span class='ocrx_word' id='word_1_75' title='bbox 191 678 340 721; x_wconf 90' lang='lat' dir='ltr'><strong>decore</strong></span> <span class='ocrx_word' id='word_1_76' title='bbox 381 681 456 720; x_wconf 87' lang='lat' dir='ltr'><strong>aut</strong></span> <span class='ocrx_word' id='word_1_77' title='bbox 497 679 659 722; x_wconf 87' lang='lat' dir='ltr'><strong>recenti</strong></span> <span class='ocrx_word' id='word_1_78' title='bbox 697 679 898 721; x_wconf 88' lang='lat' dir='ltr'><strong>libertate</strong></span> <span class='ocrx_word' id='word_1_79' title='bbox 936 682 979 721; x_wconf 88' lang='lat' dir='ltr'><strong>et</strong></span> <span class='ocrx_word' id='word_1_80' title='bbox 1017 683 1166 722; x_wconf 85' lang='lat' dir='ltr'><strong>contra</strong></span> <span class='ocrx_word' id='word_1_81' title='bbox 1204 680 1425 735; x_wconf 86' lang='lat' dir='ltr'><strong>augendae</strong></span> <span class='ocrx_word' id='word_1_82' title='bbox 1463 679 1746 723; x_wconf 74' lang='lat' dir='ltr'><strong>dominationi</strong></span> 
     </span>
     <span class='ocr_line' id='line_1_17' title="bbox 192 738 1744 795; baseline 0.001 -16"><span class='ocrx_word' id='word_1_83' title='bbox 192 740 437 781; x_wconf 87' lang='lat' dir='ltr'><strong>certaretur.</strong></span> <span class='ocrx_word' id='word_1_84' title='bbox 487 752 576 780; x_wconf 91' lang='lat' dir='ltr'><strong>non</strong></span> <span class='ocrx_word' id='word_1_85' title='bbox 608 738 715 780; x_wconf 87' lang='lat' dir='ltr'><strong>alias</strong></span> <span class='ocrx_word' id='word_1_86' title='bbox 749 739 910 781; x_wconf 88' lang='lat' dir='ltr'><strong>maiore</strong></span> <span class='ocrx_word' id='word_1_87' title='bbox 942 739 1056 781; x_wconf 90' lang='lat' dir='ltr'><strong>mole</strong></span> <span class='ocrx_word' id='word_1_88' title='bbox 1088 753 1341 781; x_wconf 88' lang='lat' dir='ltr'><strong>concursum</strong></span> <span class='ocrx_word' id='word_1_89' title='bbox 1371 753 1510 794; x_wconf 90' lang='lat' dir='ltr'><strong>neque</strong></span> <span class='ocrx_word' id='word_1_90' title='bbox 1541 739 1744 795; x_wconf 86' lang='lat' dir='ltr'><strong>ambiguo</strong></span> 
     </span>
     <span class='ocr_line' id='line_1_18' title="bbox 192 797 1745 853; baseline 0.001 -15"><span class='ocrx_word' id='word_1_91' title='bbox 192 797 330 851; x_wconf 88' lang='lat' dir='ltr'><strong>magis</strong></span> <span class='ocrx_word' id='word_1_92' title='bbox 364 799 536 852; x_wconf 89' lang='lat' dir='ltr'><strong>eventu,</strong></span> <span class='ocrx_word' id='word_1_93' title='bbox 573 797 680 838; x_wconf 85' lang='lat' dir='ltr'><strong>fusis</strong></span> <span class='ocrx_word' id='word_1_94' title='bbox 713 798 928 853; x_wconf 86' lang='lat' dir='ltr'><strong>utrimque</strong></span> <span class='ocrx_word' id='word_1_95' title='bbox 961 798 1120 840; x_wconf 87' lang='lat' dir='ltr'><strong>dextris</strong></span> <span class='ocrx_word' id='word_1_96' title='bbox 1153 798 1369 853; x_wconf 86' lang='lat' dir='ltr'><strong>cornibus3</strong></span> <span class='ocrx_word' id='word_1_97' title='bbox 1407 798 1745 853; x_wconf 87' lang='lat' dir='ltr'><strong>sperabaturque</strong></span> 
     </span>
     <span class='ocr_line' id='line_1_19' title="bbox 192 855 1746 911; baseline 0.002 -15"><span class='ocrx_word' id='word_1_98' title='bbox 192 870 364 897; x_wconf 90' lang='lat' dir='ltr'><strong>rursum</strong></span> <span class='ocrx_word' id='word_1_99' title='bbox 394 869 550 911; x_wconf 84' lang='lat' dir='ltr'><strong>pugna,</strong></span> <span class='ocrx_word' id='word_1_100' title='bbox 581 857 626 897; x_wconf 92' lang='lat' dir='ltr'><strong>ni</strong></span> <span class='ocrx_word' id='word_1_101' title='bbox 650 855 940 898; x_wconf 86' lang='lat' dir='ltr'><strong>Maroboduus</strong></span> <span class='ocrx_word' id='word_1_102' title='bbox 972 859 1114 898; x_wconf 87' lang='lat' dir='ltr'><strong>castra</strong></span> <span class='ocrx_word' id='word_1_103' title='bbox 1144 858 1189 898; x_wconf 92' lang='lat' dir='ltr'><strong>in</strong></span> <span class='ocrx_word' id='word_1_104' title='bbox 1221 858 1349 899; x_wconf 91' lang='lat' dir='ltr'><strong>colles</strong></span> <span class='ocrx_word' id='word_1_105' title='bbox 1382 858 1664 899; x_wconf 89' lang='lat' dir='ltr'><strong>subduxisset.</strong></span> <span class='ocrx_word' id='word_1_106' title='bbox 1701 856 1746 899; x_wconf 91' lang='lat' dir='ltr'><strong>id</strong></span> 
     </span>
     <span class='ocr_line' id='line_1_20' title="bbox 193 915 1743 970; baseline 0.002 -15"><span class='ocrx_word' id='word_1_107' title='bbox 193 915 365 970; x_wconf 86' lang='lat' dir='ltr'><strong>signum</strong></span> <span class='ocrx_word' id='word_1_108' title='bbox 389 915 576 969; x_wconf 89' lang='lat' dir='ltr'><strong>perculsi</strong></span> <span class='ocrx_word' id='word_1_109' title='bbox 595 915 695 969; x_wconf 84' lang='lat' dir='ltr'><strong>fuit3</strong></span> <span class='ocrx_word' id='word_1_110' title='bbox 728 918 770 956; x_wconf 86' lang='lat' dir='ltr'><strong>et</strong></span> <span class='ocrx_word' id='word_1_111' title='bbox 788 915 1042 970; x_wconf 88' lang='lat' dir='ltr'><strong>transfugiis</strong></span> <span class='ocrx_word' id='word_1_112' title='bbox 1068 916 1276 970; x_wconf 86' lang='lat' dir='ltr'><strong>paulatim</strong></span> <span class='ocrx_word' id='word_1_113' title='bbox 1301 917 1487 958; x_wconf 89' lang='lat' dir='ltr'><strong>nudatus</strong></span> <span class='ocrx_word' id='word_1_114' title='bbox 1512 917 1556 959; x_wconf 89' lang='lat' dir='ltr'><strong>in</strong></span> <span class='ocrx_word' id='word_1_115' title='bbox 1575 915 1743 958; x_wconf 90' lang='lat' dir='ltr'><strong>Marco-</strong></span> 
     </span>
     <span class='ocr_line' id='line_1_21' title="bbox 190 974 1744 1029; baseline 0.001 -14"><span class='ocrx_word' id='word_1_116' title='bbox 190 988 342 1015; x_wconf 88' lang='lat' dir='ltr'><strong>manos</strong></span> <span class='ocrx_word' id='word_1_117' title='bbox 363 974 576 1015; x_wconf 83' lang='lat' dir='ltr'><strong>concessit</strong></span> <span class='ocrx_word' id='word_1_118' title='bbox 600 974 804 1028; x_wconf 88' lang='lat' dir='ltr'><strong>misitque</strong></span> <span class='ocrx_word' id='word_1_119' title='bbox 830 974 997 1029; x_wconf 87' lang='lat' dir='ltr'><strong>legatos</strong></span> <span class='ocrx_word' id='word_1_120' title='bbox 1027 975 1079 1016; x_wconf 88' lang='lat' dir='ltr'><strong>ad</strong></span> <span class='ocrx_word' id='word_1_121' title='bbox 1105 975 1324 1016; x_wconf 87' lang='lat' dir='ltr'><strong>Tiberium</strong></span> <span class='ocrx_word' id='word_1_122' title='bbox 1351 978 1547 1017; x_wconf 87' lang='lat' dir='ltr'><strong>oraturos</strong></span> <span class='ocrx_word' id='word_1_123' title='bbox 1573 975 1744 1018; x_wconf 86' lang='lat' dir='ltr'><strong>auxilia.</strong></span> 
     </span>
     <span class='ocr_line' id='line_1_22' title="bbox 189 1032 1746 1087; baseline 0.001 -13"><span class='ocrx_word' id='word_1_124' title='bbox 189 1046 441 1087; x_wconf 91' lang='lat' dir='ltr'><strong>responsum</strong></span> <span class='ocrx_word' id='word_1_125' title='bbox 468 1035 535 1075; x_wconf 91' lang='lat' dir='ltr'><strong>est</strong></span> <span class='ocrx_word' id='word_1_126' title='bbox 558 1047 645 1075; x_wconf 91' lang='lat' dir='ltr'><strong>non</strong></span> <span class='ocrx_word' id='word_1_127' title='bbox 671 1033 762 1074; x_wconf 88' lang='lat' dir='ltr'><strong>iure</strong></span> <span class='ocrx_word' id='word_1_128' title='bbox 789 1047 884 1074; x_wconf 91' lang='lat' dir='ltr'><strong>eum</strong></span> <span class='ocrx_word' id='word_1_129' title='bbox 912 1033 1115 1075; x_wconf 89' lang='lat' dir='ltr'><strong>adversus</strong></span> <span class='ocrx_word' id='word_1_130' title='bbox 1141 1032 1380 1076; x_wconf 83' lang='lat' dir='ltr'><strong>Cheruscos</strong></span> <span class='ocrx_word' id='word_1_131' title='bbox 1407 1048 1526 1075; x_wconf 90' lang='lat' dir='ltr'><strong>arma</strong></span> <span class='ocrx_word' id='word_1_132' title='bbox 1550 1034 1746 1076; x_wconf 83' lang='lat' dir='ltr'><strong>Romana</strong></span> 
     </span>
     <span class='ocr_line' id='line_1_23' title="bbox 189 1092 1740 1148; baseline 0.001 -15"><span class='ocrx_word' id='word_1_133' title='bbox 189 1092 402 1147; x_wconf 89' lang='lat' dir='ltr'><strong>invocare,</strong></span> <span class='ocrx_word' id='word_1_134' title='bbox 434 1092 508 1147; x_wconf 93' lang='lat' dir='ltr'><strong>qui</strong></span> <span class='ocrx_word' id='word_1_135' title='bbox 537 1092 769 1147; x_wconf 85' lang='lat' dir='ltr'><strong>pugnantis</strong></span> <span class='ocrx_word' id='word_1_136' title='bbox 796 1092 841 1134; x_wconf 91' lang='lat' dir='ltr'><strong>in</strong></span> <span class='ocrx_word' id='word_1_137' title='bbox 867 1092 1046 1134; x_wconf 89' lang='lat' dir='ltr'><strong>eundem</strong></span> <span class='ocrx_word' id='word_1_138' title='bbox 1071 1093 1240 1134; x_wconf 88' lang='lat' dir='ltr'><strong>hostem</strong></span> <span class='ocrx_word' id='word_1_139' title='bbox 1265 1092 1484 1135; x_wconf 86' lang='lat' dir='ltr'><strong>Romanos</strong></span> <span class='ocrx_word' id='word_1_140' title='bbox 1509 1093 1629 1134; x_wconf 88' lang='lat' dir='ltr'><strong>nulla</strong></span> <span class='ocrx_word' id='word_1_141' title='bbox 1659 1107 1740 1148; x_wconf 92' lang='lat' dir='ltr'><strong>ope</strong></span> 
     </span>
     <span class='ocr_line' id='line_1_24' title="bbox 191 1150 1695 1207; baseline 0.001 -15"><span class='ocrx_word' id='word_1_142' title='bbox 191 1151 380 1193; x_wconf 88' lang='lat' dir='ltr'><strong>iuvisset.</strong></span> <span class='ocrx_word' id='word_1_143' title='bbox 441 1151 599 1193; x_wconf 92' lang='lat' dir='ltr'><strong>missus</strong></span> <span class='ocrx_word' id='word_1_144' title='bbox 630 1154 774 1193; x_wconf 87' lang='lat' dir='ltr'><strong>tamen</strong></span> <span class='ocrx_word' id='word_1_145' title='bbox 806 1150 984 1206; x_wconf 86' lang='lat' dir='ltr'><strong>Drusus,</strong></span> <span class='ocrx_word' id='word_1_146' title='bbox 1015 1154 1064 1193; x_wconf 91' lang='lat' dir='ltr'><strong>ut</strong></span> <span class='ocrx_word' id='word_1_147' title='bbox 1092 1152 1332 1207; x_wconf 83' lang='lat' dir='ltr'><strong>retulimus,</strong></span> <span class='ocrx_word' id='word_1_148' title='bbox 1362 1152 1459 1207; x_wconf 89' lang='lat' dir='ltr'><strong>paci</strong></span> <span class='ocrx_word' id='word_1_149' title='bbox 1488 1151 1695 1194; x_wconf 89' lang='lat' dir='ltr'><strong>firmator.</strong></span> 
     </span>
     <span class='ocr_line' id='line_1_25' title="bbox 308 1210 1744 1266; baseline 0 -14"><span class='ocrx_word' id='word_1_150' title='bbox 308 1210 472 1252; x_wconf 89' lang='lat' dir='ltr'><strong>Eodem</strong></span> <span class='ocrx_word' id='word_1_151' title='bbox 514 1225 627 1252; x_wconf 87' lang='lat' dir='ltr'><strong>anno</strong></span> <span class='ocrx_word' id='word_1_152' title='bbox 674 1210 898 1252; x_wconf 88' lang='lat' dir='ltr'><strong>duodecim</strong></span> <span class='ocrx_word' id='word_1_153' title='bbox 942 1211 1126 1252; x_wconf 89' lang='lat' dir='ltr'><strong>celebres</strong></span> <span class='ocrx_word' id='word_1_154' title='bbox 1172 1212 1302 1253; x_wconf 92' lang='lat' dir='ltr'><strong>Asiae</strong></span> <span class='ocrx_word' id='word_1_155' title='bbox 1345 1211 1472 1253; x_wconf 89' lang='lat' dir='ltr'><strong>urbes</strong></span> <span class='ocrx_word' id='word_1_156' title='bbox 1516 1211 1744 1266; x_wconf 84' lang='lat' dir='ltr'><strong>conlapsae</strong></span> 
     </span>
     <span class='ocr_line' id='line_1_26' title="bbox 190 1269 1744 1326; baseline 0.001 -16"><span class='ocrx_word' id='word_1_157' title='bbox 190 1271 400 1311; x_wconf 87' lang='lat' dir='ltr'><strong>nocturno</strong></span> <span class='ocrx_word' id='word_1_158' title='bbox 433 1272 554 1311; x_wconf 87' lang='lat' dir='ltr'><strong>motu</strong></span> <span class='ocrx_word' id='word_1_159' title='bbox 585 1272 741 1324; x_wconf 89' lang='lat' dir='ltr'><strong>terrae,</strong></span> <span class='ocrx_word' id='word_1_160' title='bbox 779 1284 863 1324; x_wconf 90' lang='lat' dir='ltr'><strong>quo</strong></span> <span class='ocrx_word' id='word_1_161' title='bbox 901 1270 1160 1324; x_wconf 87' lang='lat' dir='ltr'><strong>inprovisior</strong></span> <span class='ocrx_word' id='word_1_162' title='bbox 1191 1270 1447 1326; x_wconf 87' lang='lat' dir='ltr'><strong>graviorque</strong></span> <span class='ocrx_word' id='word_1_163' title='bbox 1484 1270 1618 1324; x_wconf 87' lang='lat' dir='ltr'><strong>pestis</strong></span> <span class='ocrx_word' id='word_1_164' title='bbox 1650 1269 1744 1312; x_wconf 79' lang='lat' dir='ltr'><strong>fuit.</strong></span> 
     </span>
     <span class='ocr_line' id='line_1_27' title="bbox 189 1328 1747 1385; baseline 0.001 -16"><span class='ocrx_word' id='word_1_165' title='bbox 189 1342 326 1382; x_wconf 91' lang='lat' dir='ltr'><strong>neque</strong></span> <span class='ocrx_word' id='word_1_166' title='bbox 369 1328 544 1370; x_wconf 91' lang='lat' dir='ltr'><strong>solitum</strong></span> <span class='ocrx_word' id='word_1_167' title='bbox 584 1329 630 1370; x_wconf 91' lang='lat' dir='ltr'><strong>in</strong></span> <span class='ocrx_word' id='word_1_168' title='bbox 670 1329 749 1370; x_wconf 91' lang='lat' dir='ltr'><strong>tali</strong></span> <span class='ocrx_word' id='word_1_169' title='bbox 787 1343 889 1370; x_wconf 89' lang='lat' dir='ltr'><strong>casu</strong></span> <span class='ocrx_word' id='word_1_170' title='bbox 927 1329 1132 1384; x_wconf 86' lang='lat' dir='ltr'><strong>effugium</strong></span> <span class='ocrx_word' id='word_1_171' title='bbox 1169 1329 1468 1385; x_wconf 77' lang='lat' dir='ltr'><strong>subveniebat,</strong></span> <span class='ocrx_word' id='word_1_172' title='bbox 1511 1330 1557 1370; x_wconf 89' lang='lat' dir='ltr'><strong>in</strong></span> <span class='ocrx_word' id='word_1_173' title='bbox 1598 1331 1747 1384; x_wconf 88' lang='lat' dir='ltr'><strong>aperta</strong></span> 
     </span>
     <span class='ocr_line' id='line_1_28' title="bbox 189 1387 1747 1442; baseline 0.001 -14"><span class='ocrx_word' id='word_1_174' title='bbox 189 1387 507 1442; x_wconf 88' lang='lat' dir='ltr'><strong>prorumpendi,</strong></span> <span class='ocrx_word' id='word_1_175' title='bbox 533 1388 633 1442; x_wconf 91' lang='lat' dir='ltr'><strong>quia</strong></span> <span class='ocrx_word' id='word_1_176' title='bbox 664 1387 856 1429; x_wconf 88' lang='lat' dir='ltr'><strong>deductis</strong></span> <span class='ocrx_word' id='word_1_177' title='bbox 881 1388 1007 1430; x_wconf 88' lang='lat' dir='ltr'><strong>terris</strong></span> <span class='ocrx_word' id='word_1_178' title='bbox 1034 1388 1352 1432; x_wconf 89' lang='lat' dir='ltr'><strong>hauriebantur.</strong></span> <span class='ocrx_word' id='word_1_179' title='bbox 1395 1387 1556 1431; x_wconf 88' lang='lat' dir='ltr'><strong>sedisse</strong></span> <span class='ocrx_word' id='word_1_180' title='bbox 1585 1388 1747 1430; x_wconf 90' lang='lat' dir='ltr'><strong>inmen-</strong></span> 
     </span>
     <span class='ocr_line' id='line_1_29' title="bbox 190 1446 1747 1502; baseline 0.001 -14"><span class='ocrx_word' id='word_1_181' title='bbox 190 1460 259 1488; x_wconf 88' lang='lat' dir='ltr'><strong>sos</strong></span> <span class='ocrx_word' id='word_1_182' title='bbox 292 1449 480 1500; x_wconf 88' lang='lat' dir='ltr'><strong>montes,</strong></span> <span class='ocrx_word' id='word_1_183' title='bbox 511 1447 604 1490; x_wconf 89' lang='lat' dir='ltr'><strong>visa</strong></span> <span class='ocrx_word' id='word_1_184' title='bbox 635 1447 680 1488; x_wconf 90' lang='lat' dir='ltr'><strong>in</strong></span> <span class='ocrx_word' id='word_1_185' title='bbox 712 1446 844 1488; x_wconf 89' lang='lat' dir='ltr'><strong>arduo</strong></span> <span class='ocrx_word' id='word_1_186' title='bbox 878 1461 987 1502; x_wconf 89' lang='lat' dir='ltr'><strong>quae</strong></span> <span class='ocrx_word' id='word_1_187' title='bbox 1019 1447 1149 1501; x_wconf 91' lang='lat' dir='ltr'><strong>plana</strong></span> <span class='ocrx_word' id='word_1_188' title='bbox 1179 1447 1601 1502; x_wconf 76' lang='lat' dir='ltr'><strong>fuerint,‚effulsisse</strong></span> <span class='ocrx_word' id='word_1_189' title='bbox 1633 1447 1747 1489; x_wconf 87' lang='lat' dir='ltr'><strong>inter</strong></span> 
     </span>
     <span class='ocr_line' id='line_1_30' title="bbox 186 1504 1747 1561; baseline 0.001 -15"><span class='ocrx_word' id='word_1_190' title='bbox 186 1505 354 1547; x_wconf 88' lang='lat' dir='ltr'><strong>ruinam</strong></span> <span class='ocrx_word' id='word_1_191' title='bbox 393 1505 517 1561; x_wconf 91' lang='lat' dir='ltr'><strong>ignes</strong></span> <span class='ocrx_word' id='word_1_192' title='bbox 549 1508 802 1547; x_wconf 88' lang='lat' dir='ltr'><strong>memorant.</strong></span> <span class='ocrx_word' id='word_1_193' title='bbox 871 1506 1109 1560; x_wconf 90' lang='lat' dir='ltr'><strong>asperrima</strong></span> <span class='ocrx_word' id='word_1_194' title='bbox 1147 1506 1191 1548; x_wconf 91' lang='lat' dir='ltr'><strong>in</strong></span> <span class='ocrx_word' id='word_1_195' title='bbox 1224 1504 1455 1548; x_wconf 82' lang='lat' dir='ltr'><strong>Sardianos</strong></span> <span class='ocrx_word' id='word_1_196' title='bbox 1488 1506 1580 1548; x_wconf 89' lang='lat' dir='ltr'><strong>lues</strong></span> <span class='ocrx_word' id='word_1_197' title='bbox 1614 1506 1747 1560; x_wconf 93' lang='lat' dir='ltr'><strong>pluri-</strong></span> 
     </span>
     <span class='ocr_line' id='line_1_31' title="bbox 186 1564 1745 1607; baseline 0.001 -1"><span class='ocrx_word' id='word_1_198' title='bbox 186 1579 302 1606; x_wconf 88' lang='lat' dir='ltr'><strong>mum</strong></span> <span class='ocrx_word' id='word_1_199' title='bbox 333 1564 377 1606; x_wconf 90' lang='lat' dir='ltr'><strong>in</strong></span> <span class='ocrx_word' id='word_1_200' title='bbox 409 1565 580 1607; x_wconf 87' lang='lat' dir='ltr'><strong>eosdem</strong></span> <span class='ocrx_word' id='word_1_201' title='bbox 612 1564 928 1606; x_wconf 86' lang='lat' dir='ltr'><strong>misericordiae</strong></span> <span class='ocrx_word' id='word_1_202' title='bbox 959 1565 1109 1607; x_wconf 87' lang='lat' dir='ltr'><strong>traxit:</strong></span> <span class='ocrx_word' id='word_1_203' title='bbox 1140 1579 1241 1607; x_wconf 89' lang='lat' dir='ltr'><strong>nam</strong></span> <span class='ocrx_word' id='word_1_204' title='bbox 1273 1565 1462 1607; x_wconf 89' lang='lat' dir='ltr'><strong>centiens</strong></span> <span class='ocrx_word' id='word_1_205' title='bbox 1495 1565 1745 1607; x_wconf 90' lang='lat' dir='ltr'><strong>sestertium</strong></span> 
     </span>
     <span class='ocr_line' id='line_1_32' title="bbox 185 1621 1746 1679; baseline 0.001 -15"><span class='ocrx_word' id='word_1_206' title='bbox 185 1623 403 1679; x_wconf 90' lang='lat' dir='ltr'><strong>pollicitus</strong></span> <span class='ocrx_word' id='word_1_207' title='bbox 436 1621 612 1677; x_wconf 84' lang='lat' dir='ltr'><strong>Caesar,</strong></span> <span class='ocrx_word' id='word_1_208' title='bbox 644 1626 687 1665; x_wconf 90' lang='lat' dir='ltr'><strong>et</strong></span> <span class='ocrx_word' id='word_1_209' title='bbox 719 1626 929 1678; x_wconf 87' lang='lat' dir='ltr'><strong>quantum</strong></span> <span class='ocrx_word' id='word_1_210' title='bbox 961 1625 1125 1666; x_wconf 88' lang='lat' dir='ltr'><strong>aerario</strong></span> <span class='ocrx_word' id='word_1_211' title='bbox 1158 1627 1233 1665; x_wconf 91' lang='lat' dir='ltr'><strong>aut</strong></span> <span class='ocrx_word' id='word_1_212' title='bbox 1269 1624 1374 1666; x_wconf 91' lang='lat' dir='ltr'><strong>fisco</strong></span> <span class='ocrx_word' id='word_1_213' title='bbox 1406 1624 1667 1678; x_wconf 89' lang='lat' dir='ltr'><strong>pendebant,</strong></span> <span class='ocrx_word' id='word_1_214' title='bbox 1699 1623 1746 1666; x_wconf 92' lang='lat' dir='ltr'><strong>in</strong></span> 
     </span>
     <span class='ocr_line' id='line_1_33' title="bbox 187 1681 1744 1739; baseline 0.001 -16"><span class='ocrx_word' id='word_1_215' title='bbox 187 1682 524 1738; x_wconf 89' lang='lat' dir='ltr'><strong>quinquennium</strong></span> <span class='ocrx_word' id='word_1_216' title='bbox 555 1682 732 1724; x_wconf 89' lang='lat' dir='ltr'><strong>remisit.</strong></span> <span class='ocrx_word' id='word_1_217' title='bbox 787 1681 1012 1739; x_wconf 89' lang='lat' dir='ltr'><strong>Magnetes</strong></span> <span class='ocrx_word' id='word_1_218' title='bbox 1045 1698 1071 1724; x_wconf 92' lang='lat' dir='ltr'><strong>a</strong></span> <span class='ocrx_word' id='word_1_219' title='bbox 1103 1682 1253 1738; x_wconf 82' lang='lat' dir='ltr'><strong>Sipylo</strong></span> <span class='ocrx_word' id='word_1_220' title='bbox 1285 1683 1472 1737; x_wconf 87' lang='lat' dir='ltr'><strong>proximi</strong></span> <span class='ocrx_word' id='word_1_221' title='bbox 1503 1683 1663 1725; x_wconf 88' lang='lat' dir='ltr'><strong>damno</strong></span> <span class='ocrx_word' id='word_1_222' title='bbox 1695 1697 1744 1725; x_wconf 86' lang='lat' dir='ltr'><strong>ac</strong></span> 
     </span>
     <span class='ocr_line' id='line_1_34' title="bbox 186 1741 1747 1797; baseline 0.001 -15"><span class='ocrx_word' id='word_1_223' title='bbox 186 1742 373 1784; x_wconf 89' lang='lat' dir='ltr'><strong>remedio</strong></span> <span class='ocrx_word' id='word_1_224' title='bbox 405 1741 554 1784; x_wconf 86' lang='lat' dir='ltr'><strong>habiti.</strong></span> <span class='ocrx_word' id='word_1_225' title='bbox 615 1741 834 1796; x_wconf 87' lang='lat' dir='ltr'><strong>Temnios,</strong></span> <span class='ocrx_word' id='word_1_226' title='bbox 873 1741 1253 1796; x_wconf 89' lang='lat' dir='ltr'><strong>Philadelphenos,</strong></span> <span class='ocrx_word' id='word_1_227' title='bbox 1293 1743 1530 1797; x_wconf 87' lang='lat' dir='ltr'><strong>Aegeatas,</strong></span> <span class='ocrx_word' id='word_1_228' title='bbox 1567 1741 1747 1797; x_wconf 92' lang='lat' dir='ltr'><strong>Apollo-</strong></span> 
     </span>
     <span class='ocr_line' id='line_1_35' title="bbox 185 1800 1744 1856; baseline 0 -14"><span class='ocrx_word' id='word_1_229' title='bbox 185 1800 395 1855; x_wconf 87' lang='lat' dir='ltr'><strong>nidenses,</strong></span> <span class='ocrx_word' id='word_1_230' title='bbox 427 1801 581 1855; x_wconf 89' lang='lat' dir='ltr'><strong>quique</strong></span> <span class='ocrx_word' id='word_1_231' title='bbox 612 1800 801 1842; x_wconf 87' lang='lat' dir='ltr'><strong>Mosteni</strong></span> <span class='ocrx_word' id='word_1_232' title='bbox 833 1804 875 1842; x_wconf 90' lang='lat' dir='ltr'><strong>et</strong></span> <span class='ocrx_word' id='word_1_233' title='bbox 913 1801 985 1856; x_wconf 89' lang='lat' dir='ltr'><strong>qui</strong></span> <span class='ocrx_word' id='word_1_234' title='bbox 1016 1800 1271 1843; x_wconf 88' lang='lat' dir='ltr'><strong>Macedones</strong></span> <span class='ocrx_word' id='word_1_235' title='bbox 1303 1800 1492 1856; x_wconf 85' lang='lat' dir='ltr'><strong>Hyrcani</strong></span> <span class='ocrx_word' id='word_1_236' title='bbox 1522 1803 1744 1855; x_wconf 87' lang='lat' dir='ltr'><strong>vocantur,</strong></span> 
     </span>
     <span class='ocr_line' id='line_1_36' title="bbox 187 1858 1744 1915; baseline 0.001 -14"><span class='ocrx_word' id='word_1_237' title='bbox 187 1862 229 1902; x_wconf 89' lang='lat' dir='ltr'><strong>et</strong></span> <span class='ocrx_word' id='word_1_238' title='bbox 257 1859 646 1914; x_wconf 87' lang='lat' dir='ltr'><strong>Hierocaesariam,</strong></span> <span class='ocrx_word' id='word_1_239' title='bbox 677 1858 916 1914; x_wconf 86' lang='lat' dir='ltr'><strong>Myrinam,</strong></span> <span class='ocrx_word' id='word_1_240' title='bbox 948 1858 1128 1915; x_wconf 84' lang='lat' dir='ltr'><strong>Cymen,</strong></span> <span class='ocrx_word' id='word_1_241' title='bbox 1159 1860 1359 1902; x_wconf 85' lang='lat' dir='ltr'><strong>Tmolum</strong></span> <span class='ocrx_word' id='word_1_242' title='bbox 1389 1861 1521 1902; x_wconf 87' lang='lat' dir='ltr'><strong>levari</strong></span> <span class='ocrx_word' id='word_1_243' title='bbox 1552 1860 1667 1902; x_wconf 88' lang='lat' dir='ltr'><strong>idem</strong></span> <span class='ocrx_word' id='word_1_244' title='bbox 1698 1860 1744 1902; x_wconf 89' lang='lat' dir='ltr'><strong>in</strong></span> 
     </span>
    </p>
   </div>
   <div class='ocr_carea' id='block_1_9' title="bbox 1000 1975 1745 2069">
    <p class='ocr_par' dir='ltr' id='par_1_9' title="bbox 1000 1975 1745 2069">
     <span class='ocr_line' id='line_1_37' title="bbox 1047 1975 1743 2020; baseline -0.001 -8"><span class='ocrx_word' id='word_1_245' title='bbox 1047 1980 1079 2012; x_wconf 87' lang='lat'><strong>5.</strong></span> <span class='ocrx_word' id='word_1_246' title='bbox 1129 1977 1209 2012; x_wconf 78' lang='lat' dir='ltr'><strong>visa</strong></span> <span class='ocrx_word' id='word_1_247' title='bbox 1232 1977 1274 2011; x_wconf 76' lang='lat' dir='ltr'><strong>in</strong></span> <span class='ocrx_word' id='word_1_248' title='bbox 1298 1977 1434 2020; x_wconf 80' lang='lat' dir='ltr'><strong>arduo,</strong></span> <span class='ocrx_word' id='word_1_249' title='bbox 1466 1975 1500 2012; x_wconf 90' lang='lat' dir='ltr'><strong>d.</strong></span> <span class='ocrx_word' id='word_1_250' title='bbox 1527 1976 1561 2011; x_wconf 89' lang='lat' dir='ltr'><strong>h.</strong></span> <span class='ocrx_word' id='word_1_251' title='bbox 1590 1975 1648 2012; x_wconf 89' lang='lat' dir='ltr'><strong>die</strong></span> <span class='ocrx_word' id='word_1_252' title='bbox 1673 1976 1743 2011; x_wconf 89' lang='lat' dir='ltr'><strong>Be-</strong></span> 
     </span>
     <span class='ocr_line' id='line_1_38' title="bbox 1000 2023 1745 2069; baseline 0 -11"><span class='ocrx_word' id='word_1_253' title='bbox 1000 2024 1131 2059; x_wconf 87' lang='lat' dir='ltr'><strong>sucher</strong></span> <span class='ocrx_word' id='word_1_254' title='bbox 1163 2024 1227 2058; x_wconf 89' lang='lat' dir='ltr'><strong>der</strong></span> <span class='ocrx_word' id='word_1_255' title='bbox 1258 2023 1596 2069; x_wconf 58' lang='lat' dir='ltr'><strong>Unglficksstatten</strong></span> <span class='ocrx_word' id='word_1_256' title='bbox 1628 2024 1745 2059; x_wconf 79' lang='lat' dir='ltr'><strong>sahen</strong></span> 
     </span>
    </p>
   </div>
   <div class='ocr_carea' id='block_1_10' title="bbox 185 1975 929 2059">
    <p class='ocr_par' dir='ltr' id='par_1_10' title="bbox 185 1975 929 2059">
     <span class='ocr_line' id='line_1_39' title="bbox 185 1975 927 2021; baseline 0 -11"><span class='ocrx_word' id='word_1_257' title='bbox 185 1975 288 2011; x_wconf 76' lang='lat' dir='ltr'><strong>haste</strong></span> <span class='ocrx_word' id='word_1_258' title='bbox 325 1975 478 2021; x_wconf 86' lang='lat' dir='ltr'><strong>Bagage</strong></span> <span class='ocrx_word' id='word_1_259' title='bbox 515 1977 688 2021; x_wconf 85' lang='lat' dir='ltr'><strong>getrennt</strong></span> <span class='ocrx_word' id='word_1_260' title='bbox 723 1976 800 2011; x_wconf 88' lang='lat' dir='ltr'><strong>und</strong></span> <span class='ocrx_word' id='word_1_261' title='bbox 835 1976 927 2011; x_wconf 86' lang='lat' dir='ltr'><strong>wird</strong></span> 
     </span>
     <span class='ocr_line' id='line_1_40' title="bbox 186 2022 929 2059; baseline 0.001 -2"><span class='ocrx_word' id='word_1_262' title='bbox 186 2023 302 2058; x_wconf 87' lang='lat' dir='ltr'><strong>durch</strong></span> <span class='ocrx_word' id='word_1_263' title='bbox 345 2023 410 2059; x_wconf 89' lang='lat' dir='ltr'><strong>das</strong></span> <span class='ocrx_word' id='word_1_264' title='bbox 452 2022 644 2058; x_wconf 89' lang='lat' dir='ltr'><strong>Unwetter</strong></span> <span class='ocrx_word' id='word_1_265' title='bbox 685 2024 782 2058; x_wconf 89' lang='lat' dir='ltr'><strong>noch</strong></span> <span class='ocrx_word' id='word_1_266' title='bbox 825 2024 929 2058; x_wconf 90' lang='lat' dir='ltr'><strong>mehr</strong></span> 
     </span>
    </p>
   </div>
   <div class='ocr_carea' id='block_1_11' title="bbox 183 2072 927 2917">
    <p class='ocr_par' dir='ltr' id='par_1_11' title="bbox 186 2072 375 2106">
     <span class='ocr_line' id='line_1_41' title="bbox 186 2072 375 2106; baseline 0.005 -1"><span class='ocrx_word' id='word_1_267' title='bbox 186 2072 375 2106; x_wconf 84' lang='lat' dir='ltr'><strong>zerstreut.</strong></span> 
     </span>
    </p>

    <p class='ocr_par' dir='ltr' id='par_1_12' title="bbox 183 2117 927 2539">
     <span class='ocr_line' id='line_1_42' title="bbox 235 2117 927 2163; baseline 0 -11"><span class='ocrx_word' id='word_1_268' title='bbox 235 2121 289 2152; x_wconf 92' lang='lat'><strong>18.</strong></span> <span class='ocrx_word' id='word_1_269' title='bbox 339 2117 413 2152; x_wconf 85' lang='lat' dir='ltr'><strong>Der</strong></span> <span class='ocrx_word' id='word_1_270' title='bbox 444 2117 569 2152; x_wconf 82' lang='lat' dir='ltr'><strong>Plural</strong></span> <span class='ocrx_word' id='word_1_271' title='bbox 594 2117 806 2163; x_wconf 75' lang='lat' dir='ltr'><strong>transfuyia</strong></span> <span class='ocrx_word' id='word_1_272' title='bbox 832 2117 927 2152; x_wconf 87' lang='lat' dir='ltr'><strong>auch</strong></span> 
     </span>
     <span class='ocr_line' id='line_1_43' title="bbox 184 2163 925 2209; baseline 0.003 -11"><span class='ocrx_word' id='word_1_273' title='bbox 184 2163 270 2200; x_wconf 79' lang='lat' dir='ltr'><strong>hist.</strong></span> <span class='ocrx_word' id='word_1_274' title='bbox 297 2168 330 2208; x_wconf 76' lang='lat'><strong>2,</strong></span> <span class='ocrx_word' id='word_1_275' title='bbox 356 2168 411 2199; x_wconf 79' lang='lat'><strong>34.</strong></span> <span class='ocrx_word' id='word_1_276' title='bbox 439 2168 478 2209; x_wconf 88' lang='lat'><strong>3,</strong></span> <span class='ocrx_word' id='word_1_277' title='bbox 505 2168 547 2199; x_wconf 84' lang='lat'><strong>61</strong></span> <span class='ocrx_word' id='word_1_278' title='bbox 574 2165 651 2199; x_wconf 88' lang='lat' dir='ltr'><strong>und</strong></span> <span class='ocrx_word' id='word_1_279' title='bbox 674 2163 753 2200; x_wconf 86' lang='lat' dir='ltr'><strong>Liv.</strong></span> <span class='ocrx_word' id='word_1_280' title='bbox 780 2168 843 2207; x_wconf 80' lang='lat'><strong>22,</strong></span> <span class='ocrx_word' id='word_1_281' title='bbox 869 2167 925 2200; x_wconf 88' lang='lat'><strong>43.</strong></span> 
     </span>
     <span class='ocr_line' id='line_1_44' title="bbox 186 2211 925 2257; baseline 0.001 -11"><span class='ocrx_word' id='word_1_282' title='bbox 186 2211 337 2247; x_wconf 83' lang='lat' dir='ltr'><strong>Tacitus</strong></span> <span class='ocrx_word' id='word_1_283' title='bbox 368 2212 436 2247; x_wconf 80' lang='lat' dir='ltr'><strong>hat</strong></span> <span class='ocrx_word' id='word_1_284' title='bbox 460 2211 666 2247; x_wconf 82' lang='lat' dir='ltr'><strong>ausserdem</strong></span> <span class='ocrx_word' id='word_1_285' title='bbox 690 2212 810 2257; x_wconf 62' lang='lat' dir='ltr'><strong>simae,</strong></span> <span class='ocrx_word' id='word_1_286' title='bbox 837 2213 925 2256; x_wconf 77' lang='lat' dir='ltr'><strong>effu-</strong></span> 
     </span>
     <span class='ocr_line' id='line_1_45' title="bbox 183 2257 927 2305; baseline 0.001 -12"><span class='ocrx_word' id='word_1_287' title='bbox 183 2259 258 2304; x_wconf 67' lang='grc' dir='ltr'><strong>ρέα,</strong></span> <span class='ocrx_word' id='word_1_288' title='bbox 283 2259 454 2305; x_wconf 78' lang='lat' dir='ltr'><strong>diffuyia.</strong></span> <span class='ocrx_word' id='word_1_289' title='bbox 476 2279 519 2284; x_wconf 92' lang='lat'>—</span> <span class='ocrx_word' id='word_1_290' title='bbox 539 2257 608 2293; x_wconf 86' lang='lat' dir='ltr'><strong>Die</strong></span> <span class='ocrx_word' id='word_1_291' title='bbox 634 2259 927 2294; x_wconf 84' lang='lat' dir='ltr'><strong>Markomannen</strong></span> 
     </span>
     <span class='ocr_line' id='line_1_46' title="bbox 184 2306 927 2351; baseline 0.001 -11"><span class='ocrx_word' id='word_1_292' title='bbox 184 2308 223 2340; x_wconf 82' lang='lat' dir='ltr'><strong>in</strong></span> <span class='ocrx_word' id='word_1_293' title='bbox 261 2306 428 2340; x_wconf 71' lang='lat' dir='ltr'><strong>Bohmen</strong></span> <span class='ocrx_word' id='word_1_294' title='bbox 473 2306 651 2351; x_wconf 86' lang='lat' dir='ltr'><strong>schlagen</strong></span> <span class='ocrx_word' id='word_1_295' title='bbox 688 2308 814 2350; x_wconf 80' lang='lat' dir='ltr'><strong>sp&#39;ater</strong></span> <span class='ocrx_word' id='word_1_296' title='bbox 854 2306 927 2341; x_wconf 91' lang='lat' dir='ltr'><strong>den</strong></span> 
     </span>
     <span class='ocr_line' id='line_1_47' title="bbox 184 2352 926 2388; baseline 0.001 -1"><span class='ocrx_word' id='word_1_297' title='bbox 184 2352 377 2388; x_wconf 83' lang='lat' dir='ltr'><strong>Domitian</strong></span> <span class='ocrx_word' id='word_1_298' title='bbox 401 2353 477 2387; x_wconf 88' lang='lat' dir='ltr'><strong>und</strong></span> <span class='ocrx_word' id='word_1_299' title='bbox 508 2353 642 2388; x_wconf 71' lang='lat' dir='ltr'><strong>ftihren</strong></span> <span class='ocrx_word' id='word_1_300' title='bbox 667 2364 731 2387; x_wconf 90' lang='lat' dir='ltr'><strong>zur</strong></span> <span class='ocrx_word' id='word_1_301' title='bbox 756 2353 836 2388; x_wconf 88' lang='lat' dir='ltr'><strong>Zeit</strong></span> <span class='ocrx_word' id='word_1_302' title='bbox 861 2353 926 2388; x_wconf 88' lang='lat' dir='ltr'><strong>des</strong></span> 
     </span>
     <span class='ocr_line' id='line_1_48' title="bbox 183 2399 922 2446; baseline -0.001 -11"><span class='ocrx_word' id='word_1_303' title='bbox 183 2400 286 2435; x_wconf 85' lang='lat' dir='ltr'><strong>Marc</strong></span> <span class='ocrx_word' id='word_1_304' title='bbox 305 2399 418 2435; x_wconf 87' lang='lat' dir='ltr'><strong>Aurel</strong></span> <span class='ocrx_word' id='word_1_305' title='bbox 437 2400 545 2435; x_wconf 88' lang='lat' dir='ltr'><strong>einen</strong></span> <span class='ocrx_word' id='word_1_306' title='bbox 565 2403 609 2435; x_wconf 85' lang='lat'><strong>14</strong></span> <span class='ocrx_word' id='word_1_307' title='bbox 611 2400 787 2446; x_wconf 83' lang='lat' dir='ltr'><strong>j‘ahrigen</strong></span> <span class='ocrx_word' id='word_1_308' title='bbox 807 2400 922 2446; x_wconf 84' lang='lat' dir='ltr'><strong>Krieg</strong></span> 
     </span>
     <span class='ocr_line' id='line_1_49' title="bbox 185 2447 925 2492; baseline -0.001 -10"><span class='ocrx_word' id='word_1_309' title='bbox 185 2458 305 2492; x_wconf 88' lang='lat' dir='ltr'><strong>gegen</strong></span> <span class='ocrx_word' id='word_1_310' title='bbox 335 2447 395 2482; x_wconf 87' lang='lat' dir='ltr'><strong>die</strong></span> <span class='ocrx_word' id='word_1_311' title='bbox 421 2447 572 2491; x_wconf 71' lang='lat' dir='ltr'><strong>Romer,</strong></span> <span class='ocrx_word' id='word_1_312' title='bbox 607 2458 681 2482; x_wconf 90' lang='lat' dir='ltr'><strong>von</strong></span> <span class='ocrx_word' id='word_1_313' title='bbox 719 2447 839 2482; x_wconf 88' lang='lat' dir='ltr'><strong>denen</strong></span> <span class='ocrx_word' id='word_1_314' title='bbox 872 2447 925 2482; x_wconf 90' lang='lat' dir='ltr'><strong>sie</strong></span> 
     </span>
     <span class='ocr_line' id='line_1_50' title="bbox 185 2494 708 2539; baseline 0.002 -10"><span class='ocrx_word' id='word_1_315' title='bbox 185 2497 261 2529; x_wconf 84' lang='lat' dir='ltr'><strong>erst</strong></span> <span class='ocrx_word' id='word_1_316' title='bbox 287 2497 354 2530; x_wconf 90' lang='grc'><strong>180</strong></span> <span class='ocrx_word' id='word_1_317' title='bbox 379 2494 526 2539; x_wconf 81' lang='lat' dir='ltr'><strong>besiegt</strong></span> <span class='ocrx_word' id='word_1_318' title='bbox 550 2494 708 2530; x_wconf 87' lang='lat' dir='ltr'><strong>werden.</strong></span> 
     </span>
    </p>

    <p class='ocr_par' dir='ltr' id='par_1_13' title="bbox 183 2541 927 2728">
     <span class='ocr_line' id='line_1_51' title="bbox 232 2541 926 2587; baseline -0.001 -10"><span class='ocrx_word' id='word_1_319' title='bbox 232 2544 287 2577; x_wconf 82' lang='lat'><strong>22.</strong></span> <span class='ocrx_word' id='word_1_320' title='bbox 332 2542 433 2587; x_wconf 79' lang='lat' dir='ltr'><strong>paci,</strong></span> <span class='ocrx_word' id='word_1_321' title='bbox 457 2541 621 2577; x_wconf 70' lang='lat' dir='ltr'><strong>namlich</strong></span> <span class='ocrx_word' id='word_1_322' title='bbox 646 2541 751 2576; x_wconf 85' lang='lat' dir='ltr'><strong>Ruhe</strong></span> <span class='ocrx_word' id='word_1_323' title='bbox 776 2541 836 2576; x_wconf 82' lang='lat' dir='ltr'><strong>fiir</strong></span> <span class='ocrx_word' id='word_1_324' title='bbox 861 2542 926 2577; x_wconf 84' lang='lat' dir='ltr'><strong>das</strong></span> 
     </span>
     <span class='ocr_line' id='line_1_52' title="bbox 183 2588 927 2632; baseline 0.001 -9"><span class='ocrx_word' id='word_1_325' title='bbox 183 2588 368 2624; x_wconf 72' lang='lat' dir='ltr'><strong>romische</strong></span> <span class='ocrx_word' id='word_1_326' title='bbox 394 2589 667 2625; x_wconf 81' lang='lat' dir='ltr'><strong>Nachbarland.</strong></span> <span class='ocrx_word' id='word_1_327' title='bbox 694 2609 738 2614; x_wconf 97' lang='lat'><strong>—</strong></span> <span class='ocrx_word' id='word_1_328' title='bbox 764 2589 927 2632; x_wconf 70' lang='lat' dir='ltr'><strong>firm-ator</strong></span> 
     </span>
     <span class='ocr_line' id='line_1_53' title="bbox 183 2635 926 2672; baseline 0 -2"><span class='ocrx_word' id='word_1_329' title='bbox 183 2635 299 2671; x_wconf 88' lang='lat' dir='ltr'><strong>findet</strong></span> <span class='ocrx_word' id='word_1_330' title='bbox 331 2636 409 2672; x_wconf 86' lang='lat' dir='ltr'><strong>sich</strong></span> <span class='ocrx_word' id='word_1_331' title='bbox 439 2648 509 2671; x_wconf 83' lang='lat' dir='ltr'><strong>nur</strong></span> <span class='ocrx_word' id='word_1_332' title='bbox 541 2637 620 2671; x_wconf 90' lang='lat' dir='ltr'><strong>hier</strong></span> <span class='ocrx_word' id='word_1_333' title='bbox 650 2636 725 2670; x_wconf 91' lang='lat' dir='ltr'><strong>und</strong></span> <span class='ocrx_word' id='word_1_334' title='bbox 754 2635 816 2671; x_wconf 86' lang='lat' dir='ltr'><strong>bei</strong></span> <span class='ocrx_word' id='word_1_335' title='bbox 842 2637 926 2672; x_wconf 92' lang='lat' dir='ltr'><strong>dem</strong></span> 
     </span>
     <span class='ocr_line' id='line_1_54' title="bbox 183 2682 542 2728; baseline 0.006 -12"><span class='ocrx_word' id='word_1_336' title='bbox 183 2683 365 2728; x_wconf 72' lang='lat' dir='ltr'><strong>jungeren</strong></span> <span class='ocrx_word' id='word_1_337' title='bbox 390 2682 542 2718; x_wconf 88' lang='lat' dir='ltr'><strong>Plinius.</strong></span> 
     </span>
    </p>

    <p class='ocr_par' dir='ltr' id='par_1_14' title="bbox 183 2728 927 2823">
     <span class='ocr_line' id='line_1_55' title="bbox 230 2728 927 2776; baseline 0.001 -12"><span class='ocrx_word' id='word_1_338' title='bbox 230 2728 293 2765; x_wconf 80' lang='lat'><strong>47.</strong></span> <span class='ocrx_word' id='word_1_339' title='bbox 314 2734 346 2766; x_wconf 83' lang='lat'><strong>2.</strong></span> <span class='ocrx_word' id='word_1_340' title='bbox 366 2731 589 2775; x_wconf 75' lang='lat' dir='ltr'><strong>inprovisior</strong></span> <span class='ocrx_word' id='word_1_341' title='bbox 606 2731 661 2766; x_wconf 84' lang='lat' dir='ltr'><strong>als</strong></span> <span class='ocrx_word' id='word_1_342' title='bbox 683 2730 927 2776; x_wconf 88' lang='lat' dir='ltr'><strong>Komparativ</strong></span> 
     </span>
     <span class='ocr_line' id='line_1_56' title="bbox 183 2778 676 2823; baseline 0.006 -13"><span class='ocrx_word' id='word_1_343' title='bbox 183 2788 253 2811; x_wconf 87' lang='lat' dir='ltr'><strong>nur</strong></span> <span class='ocrx_word' id='word_1_344' title='bbox 276 2778 373 2812; x_wconf 90' lang='lat' dir='ltr'><strong>noch</strong></span> <span class='ocrx_word' id='word_1_345' title='bbox 399 2778 460 2812; x_wconf 91' lang='lat' dir='ltr'><strong>bei</strong></span> <span class='ocrx_word' id='word_1_346' title='bbox 485 2778 676 2823; x_wconf 81' lang='lat' dir='ltr'><strong>Apuleius.</strong></span> 
     </span>
    </p>

    <p class='ocr_par' dir='ltr' id='par_1_15' title="bbox 184 2825 925 2917">
     <span class='ocr_line' id='line_1_57' title="bbox 230 2825 925 2861; baseline 0.004 -4"><span class='ocrx_word' id='word_1_347' title='bbox 230 2826 264 2857; x_wconf 82' lang='lat'><strong>4.</strong></span> <span class='ocrx_word' id='word_1_348' title='bbox 315 2825 487 2860; x_wconf 82' lang='lat' dir='ltr'><strong>deductis.</strong></span> <span class='ocrx_word' id='word_1_349' title='bbox 533 2825 606 2860; x_wconf 85' lang='lat' dir='ltr'><strong>Der</strong></span> <span class='ocrx_word' id='word_1_350' title='bbox 619 2825 746 2860; x_wconf 90' lang='lat' dir='ltr'><strong>Boden</strong></span> <span class='ocrx_word' id='word_1_351' title='bbox 765 2825 925 2861; x_wconf 87' lang='lat' dir='ltr'><strong>versank</strong></span> 
     </span>
     <span class='ocr_line' id='line_1_58' title="bbox 184 2870 846 2917; baseline 0.006 -13"><span class='ocrx_word' id='word_1_352' title='bbox 184 2871 293 2905; x_wconf 86' lang='lat' dir='ltr'><strong>nnter</strong></span> <span class='ocrx_word' id='word_1_353' title='bbox 317 2870 430 2906; x_wconf 85' lang='lat' dir='ltr'><strong>ihnen</strong></span> <span class='ocrx_word' id='word_1_354' title='bbox 455 2872 545 2917; x_wconf 86' lang='lat' dir='ltr'><strong>(und</strong></span> <span class='ocrx_word' id='word_1_355' title='bbox 571 2873 624 2908; x_wconf 84' lang='lat' dir='ltr'><strong>sie</strong></span> <span class='ocrx_word' id='word_1_356' title='bbox 649 2872 719 2907; x_wconf 86' lang='lat' dir='ltr'><strong>mit</strong></span> <span class='ocrx_word' id='word_1_357' title='bbox 742 2871 846 2917; x_wconf 87' lang='lat' dir='ltr'><strong>ihm).</strong></span> 
     </span>
    </p>
   </div>
   <div class='ocr_carea' id='block_1_12' title="bbox 997 2069 1745 2918">
    <p class='ocr_par' dir='ltr' id='par_1_16' title="bbox 999 2069 1743 2200">
     <span class='ocr_line' id='line_1_59' title="bbox 1002 2069 1742 2117; baseline 0 -11"><span class='ocrx_word' id='word_1_358' title='bbox 1002 2070 1161 2115; x_wconf 87' lang='lat' dir='ltr'><strong>Stellen,</strong></span> <span class='ocrx_word' id='word_1_359' title='bbox 1195 2071 1254 2106; x_wconf 87' lang='lat' dir='ltr'><strong>die</strong></span> <span class='ocrx_word' id='word_1_360' title='bbox 1293 2073 1397 2106; x_wconf 85' lang='lat' dir='ltr'><strong>sonst</strong></span> <span class='ocrx_word' id='word_1_361' title='bbox 1438 2069 1584 2116; x_wconf 87' lang='lat' dir='ltr'><strong>niedrig</strong></span> <span class='ocrx_word' id='word_1_362' title='bbox 1618 2070 1742 2117; x_wconf 83' lang='lat' dir='ltr'><strong>lagen,</strong></span> 
     </span>
     <span class='ocr_line' id='line_1_60' title="bbox 1001 2117 1743 2164; baseline 0.001 -12"><span class='ocrx_word' id='word_1_363' title='bbox 1001 2117 1310 2164; x_wconf 85' lang='lat' dir='ltr'><strong>emporgehoben.</strong></span> <span class='ocrx_word' id='word_1_364' title='bbox 1348 2118 1390 2153; x_wconf 77' lang='lat' dir='ltr'><strong>in</strong></span> <span class='ocrx_word' id='word_1_365' title='bbox 1408 2118 1526 2153; x_wconf 78' lang='lat' dir='ltr'><strong>arduo</strong></span> <span class='ocrx_word' id='word_1_366' title='bbox 1545 2117 1608 2162; x_wconf 89' lang='lat' dir='ltr'><strong>„in</strong></span> <span class='ocrx_word' id='word_1_367' title='bbox 1625 2117 1743 2154; x_wconf 89' lang='lat' dir='ltr'><strong>hoher</strong></span> 
     </span>
     <span class='ocr_line' id='line_1_61' title="bbox 999 2165 1136 2200; baseline 0 0"><span class='ocrx_word' id='word_1_368' title='bbox 999 2165 1053 2200; x_wconf 87' lang='lat' dir='ltr'><strong>La</strong></span> <span class='ocrx_word' id='word_1_369' title='bbox 1082 2167 1136 2200; x_wconf 90' lang='lat' dir='ltr'><strong>e“.</strong></span> 
     </span>
    </p>

    <p class='ocr_par' dir='ltr' id='par_1_17' title="bbox 997 2176 1745 2861">
     <span class='ocr_line' id='line_1_62' title="bbox 1047 2176 1745 2258; baseline -0.001 -9"><span class='ocrx_word' id='word_1_370' title='bbox 1047 2176 1080 2249; x_wconf 65' lang='grc' dir='ltr'><em>ἕ</em></span> <span class='ocrx_word' id='word_1_371' title='bbox 1130 2212 1262 2248; x_wconf 87' lang='lat' dir='ltr'><strong>Sardes</strong></span> <span class='ocrx_word' id='word_1_372' title='bbox 1299 2212 1339 2247; x_wconf 90' lang='lat' dir='ltr'><strong>in</strong></span> <span class='ocrx_word' id='word_1_373' title='bbox 1369 2211 1529 2258; x_wconf 86' lang='lat' dir='ltr'><strong>Lydien,</strong></span> <span class='ocrx_word' id='word_1_374' title='bbox 1562 2212 1745 2248; x_wconf 79' lang='lat' dir='ltr'><strong>zwischen</strong></span> 
     </span>
     <span class='ocr_line' id='line_1_63' title="bbox 999 2258 1743 2306; baseline 0.003 -13"><span class='ocrx_word' id='word_1_375' title='bbox 999 2259 1084 2295; x_wconf 89' lang='lat' dir='ltr'><strong>dem</strong></span> <span class='ocrx_word' id='word_1_376' title='bbox 1109 2259 1265 2295; x_wconf 88' lang='lat' dir='ltr'><strong>Hermus</strong></span> <span class='ocrx_word' id='word_1_377' title='bbox 1298 2259 1374 2294; x_wconf 90' lang='lat' dir='ltr'><strong>und</strong></span> <span class='ocrx_word' id='word_1_378' title='bbox 1413 2258 1499 2293; x_wconf 91' lang='lat' dir='ltr'><strong>dem</strong></span> <span class='ocrx_word' id='word_1_379' title='bbox 1523 2258 1743 2306; x_wconf 83' lang='lat' dir='ltr'><strong>Tmolusge-</strong></span> 
     </span>
     <span class='ocr_line' id='line_1_64' title="bbox 997 2305 1740 2353; baseline 0.001 -12"><span class='ocrx_word' id='word_1_380' title='bbox 997 2305 1114 2352; x_wconf 87' lang='lat' dir='ltr'><strong>birge,</strong></span> <span class='ocrx_word' id='word_1_381' title='bbox 1140 2306 1333 2352; x_wconf 88' lang='lat' dir='ltr'><strong>Magnesia</strong></span> <span class='ocrx_word' id='word_1_382' title='bbox 1357 2307 1396 2341; x_wconf 90' lang='lat' dir='ltr'><strong>in</strong></span> <span class='ocrx_word' id='word_1_383' title='bbox 1420 2306 1615 2341; x_wconf 68' lang='lat' dir='ltr'><strong>ahnlicher</strong></span> <span class='ocrx_word' id='word_1_384' title='bbox 1639 2305 1740 2353; x_wconf 81' lang='lat' dir='ltr'><strong>Lage</strong></span> 
     </span>
     <span class='ocr_line' id='line_1_65' title="bbox 998 2353 1742 2390; baseline 0.001 -2"><span class='ocrx_word' id='word_1_385' title='bbox 998 2353 1166 2389; x_wconf 84' lang='lat' dir='ltr'><strong>westlich</strong></span> <span class='ocrx_word' id='word_1_386' title='bbox 1192 2353 1315 2389; x_wconf 88' lang='lat' dir='ltr'><strong>davon</strong></span> <span class='ocrx_word' id='word_1_387' title='bbox 1339 2353 1524 2388; x_wconf 82' lang='lat' dir='ltr'><strong>zwischen</strong></span> <span class='ocrx_word' id='word_1_388' title='bbox 1544 2353 1629 2388; x_wconf 91' lang='lat' dir='ltr'><strong>dem</strong></span> <span class='ocrx_word' id='word_1_389' title='bbox 1649 2353 1742 2390; x_wconf 84' lang='lat' dir='ltr'><strong>Her-</strong></span> 
     </span>
     <span class='ocr_line' id='line_1_66' title="bbox 999 2399 1742 2446; baseline 0.003 -11"><span class='ocrx_word' id='word_1_390' title='bbox 999 2412 1079 2436; x_wconf 88' lang='lat' dir='ltr'><strong>mus</strong></span> <span class='ocrx_word' id='word_1_391' title='bbox 1122 2401 1197 2436; x_wconf 88' lang='lat' dir='ltr'><strong>und</strong></span> <span class='ocrx_word' id='word_1_392' title='bbox 1240 2401 1325 2436; x_wconf 90' lang='lat' dir='ltr'><strong>dem</strong></span> <span class='ocrx_word' id='word_1_393' title='bbox 1370 2399 1534 2445; x_wconf 83' lang='lat' dir='ltr'><strong>Gebirge</strong></span> <span class='ocrx_word' id='word_1_394' title='bbox 1579 2400 1742 2446; x_wconf 78' lang='lat' dir='ltr'><strong>Sipylus,</strong></span> 
     </span>
     <span class='ocr_line' id='line_1_67' title="bbox 1000 2447 1743 2493; baseline 0.001 -11"><span class='ocrx_word' id='word_1_395' title='bbox 1000 2448 1084 2483; x_wconf 90' lang='lat' dir='ltr'><strong>Alle</strong></span> <span class='ocrx_word' id='word_1_396' title='bbox 1116 2447 1273 2493; x_wconf 75' lang='lat' dir='ltr'><strong>iibrigen</strong></span> <span class='ocrx_word' id='word_1_397' title='bbox 1299 2447 1430 2483; x_wconf 72' lang='lat' dir='ltr'><strong>stadte</strong></span> <span class='ocrx_word' id='word_1_398' title='bbox 1462 2448 1575 2492; x_wconf 80' lang='lat' dir='ltr'><strong>lagen</strong></span> <span class='ocrx_word' id='word_1_399' title='bbox 1606 2448 1646 2483; x_wconf 92' lang='lat' dir='ltr'><strong>in</strong></span> <span class='ocrx_word' id='word_1_400' title='bbox 1677 2448 1743 2483; x_wconf 83' lang='lat' dir='ltr'><strong>der</strong></span> 
     </span>
     <span class='ocr_line' id='line_1_68' title="bbox 999 2494 1742 2541; baseline 0.001 -12"><span class='ocrx_word' id='word_1_401' title='bbox 999 2495 1218 2540; x_wconf 82' lang='lat' dir='ltr'><strong>Umgegend</strong></span> <span class='ocrx_word' id='word_1_402' title='bbox 1252 2495 1328 2529; x_wconf 90' lang='lat' dir='ltr'><strong>und</strong></span> <span class='ocrx_word' id='word_1_403' title='bbox 1365 2506 1462 2530; x_wconf 86' lang='lat' dir='ltr'><strong>zwar</strong></span> <span class='ocrx_word' id='word_1_404' title='bbox 1503 2495 1543 2530; x_wconf 89' lang='lat' dir='ltr'><strong>in</strong></span> <span class='ocrx_word' id='word_1_405' title='bbox 1581 2494 1742 2541; x_wconf 83' lang='lat' dir='ltr'><strong>Lydien:</strong></span> 
     </span>
     <span class='ocr_line' id='line_1_69' title="bbox 998 2541 1741 2588; baseline 0.003 -12"><span class='ocrx_word' id='word_1_406' title='bbox 998 2541 1276 2587; x_wconf 86' lang='lat' dir='ltr'><strong>Philadelphia,</strong></span> <span class='ocrx_word' id='word_1_407' title='bbox 1313 2541 1526 2587; x_wconf 82' lang='lat' dir='ltr'><strong>Apollonis,</strong></span> <span class='ocrx_word' id='word_1_408' title='bbox 1560 2542 1741 2588; x_wconf 78' lang='lat' dir='ltr'><strong>Mostene,</strong></span> 
     </span>
     <span class='ocr_line' id='line_1_70' title="bbox 997 2588 1739 2632; baseline 0.001 -8"><span class='ocrx_word' id='word_1_409' title='bbox 997 2588 1272 2632; x_wconf 72' lang='lat' dir='ltr'><strong>Hieroeasaria‚</strong></span> <span class='ocrx_word' id='word_1_410' title='bbox 1297 2588 1448 2624; x_wconf 85' lang='lat' dir='ltr'><strong>Tmolus</strong></span> <span class='ocrx_word' id='word_1_411' title='bbox 1474 2589 1549 2624; x_wconf 90' lang='lat' dir='ltr'><strong>und</strong></span> <span class='ocrx_word' id='word_1_412' title='bbox 1576 2589 1635 2624; x_wconf 88' lang='lat' dir='ltr'><strong>die</strong></span> <span class='ocrx_word' id='word_1_413' title='bbox 1659 2600 1739 2625; x_wconf 79' lang='lat' dir='ltr'><strong>ma·</strong></span> 
     </span>
     <span class='ocr_line' id='line_1_71' title="bbox 998 2635 1742 2681; baseline 0.003 -11"><span class='ocrx_word' id='word_1_414' title='bbox 998 2636 1215 2671; x_wconf 83' lang='lat' dir='ltr'><strong>cedonische</strong></span> <span class='ocrx_word' id='word_1_415' title='bbox 1227 2635 1384 2672; x_wconf 88' lang='lat' dir='ltr'><strong>Kolonie</strong></span> <span class='ocrx_word' id='word_1_416' title='bbox 1397 2635 1597 2681; x_wconf 84' lang='lat' dir='ltr'><strong>Hyrkania.</strong></span> <span class='ocrx_word' id='word_1_417' title='bbox 1623 2636 1742 2673; x_wconf 87' lang='lat' dir='ltr'><strong>Nord-</strong></span> 
     </span>
     <span class='ocr_line' id='line_1_72' title="bbox 1000 2682 1740 2719; baseline 0.003 -2"><span class='ocrx_word' id='word_1_418' title='bbox 1000 2682 1168 2718; x_wconf 83' lang='lat' dir='ltr'><strong>westlich</strong></span> <span class='ocrx_word' id='word_1_419' title='bbox 1185 2683 1305 2719; x_wconf 85' lang='lat' dir='ltr'><strong>davon</strong></span> <span class='ocrx_word' id='word_1_420' title='bbox 1317 2684 1367 2718; x_wconf 91' lang='lat' dir='ltr'><strong>im</strong></span> <span class='ocrx_word' id='word_1_421' title='bbox 1383 2683 1571 2719; x_wconf 73' lang='lat' dir='ltr'><strong>aolischen</strong></span> <span class='ocrx_word' id='word_1_422' title='bbox 1584 2684 1740 2719; x_wconf 80' lang='lat' dir='ltr'><strong>Kiisten—</strong></span> 
     </span>
     <span class='ocr_line' id='line_1_73' title="bbox 998 2728 1741 2777; baseline 0.001 -12"><span class='ocrx_word' id='word_1_423' title='bbox 998 2730 1124 2765; x_wconf 86' lang='lat' dir='ltr'><strong>lande:</strong></span> <span class='ocrx_word' id='word_1_424' title='bbox 1163 2729 1309 2776; x_wconf 86' lang='lat' dir='ltr'><strong>Myrina</strong></span> <span class='ocrx_word' id='word_1_425' title='bbox 1334 2730 1410 2765; x_wconf 87' lang='lat' dir='ltr'><strong>und</strong></span> <span class='ocrx_word' id='word_1_426' title='bbox 1430 2728 1562 2777; x_wconf 46' lang='lat' dir='ltr'><strong>Cyme...</strong></span> <span class='ocrx_word' id='word_1_427' title='bbox 1595 2730 1741 2766; x_wconf 82' lang='lat' dir='ltr'><strong>Weiter</strong></span> 
     </span>
     <span class='ocr_line' id='line_1_74' title="bbox 997 2776 1741 2823; baseline 0.003 -12"><span class='ocrx_word' id='word_1_428' title='bbox 997 2777 1049 2812; x_wconf 89' lang='lat' dir='ltr'><strong>im</strong></span> <span class='ocrx_word' id='word_1_429' title='bbox 1074 2776 1208 2812; x_wconf 89' lang='lat' dir='ltr'><strong>Innern</strong></span> <span class='ocrx_word' id='word_1_430' title='bbox 1240 2788 1312 2813; x_wconf 89' lang='lat' dir='ltr'><strong>von</strong></span> <span class='ocrx_word' id='word_1_431' title='bbox 1344 2777 1504 2823; x_wconf 86' lang='lat' dir='ltr'><strong>Mysien:</strong></span> <span class='ocrx_word' id='word_1_432' title='bbox 1536 2776 1640 2823; x_wconf 65' lang='lat' dir='ltr'><strong>Agea</strong></span> <span class='ocrx_word' id='word_1_433' title='bbox 1663 2777 1741 2813; x_wconf 86' lang='lat' dir='ltr'><strong>und</strong></span> 
     </span>
     <span class='ocr_line' id='line_1_75' title="bbox 999 2825 1169 2861; baseline 0.006 -1"><span class='ocrx_word' id='word_1_434' title='bbox 999 2825 1169 2861; x_wconf 84' lang='lat' dir='ltr'><strong>Temnos.</strong></span> 
     </span>
    </p>

    <p class='ocr_par' dir='ltr' id='par_1_18' title="bbox 1047 2871 1737 2918">
     <span class='ocr_line' id='line_1_76' title="bbox 1047 2871 1737 2918; baseline 0.001 -12"><span class='ocrx_word' id='word_1_435' title='bbox 1047 2875 1100 2906; x_wconf 84' lang='lat'><strong>12.</strong></span> <span class='ocrx_word' id='word_1_436' title='bbox 1161 2871 1235 2907; x_wconf 88' lang='lat' dir='ltr'><strong>Der</strong></span> <span class='ocrx_word' id='word_1_437' title='bbox 1270 2871 1570 2917; x_wconf 85' lang='lat' dir='ltr'><strong>Abwechselung</strong></span> <span class='ocrx_word' id='word_1_438' title='bbox 1605 2881 1737 2918; x_wconf 81' lang='lat' dir='ltr'><strong>wegen</strong></span> 
     </span>
    </p>
   </div>
  </div>
 </body>
</html>
