1768 3120
566 102 710 139 LIBER.
734 103 762 139 Ι.
812 103 915 139 CAP.
936 107 1089 141 32-35.
1554 107 1611 150 63

46 216 228 260 comitas
259 216 303 258 et
332 213 502 256 diversa
533 211 587 254 ab
620 211 784 254 Tiberii
815 226 1014 255 sermone
1044 212 1186 268 vultu,
1219 212 1534 269 adrogantibus
1567 218 1610 258 et
1640 227 1684 260 10

47 274 252 319 obscuris.
301 271 562 316 accedebant
592 271 821 314 muliebres
853 271 1111 314 offensiones
1136 273 1435 316 novercalibus
1460 273 1608 316 Liviae

46 335 93 377 in
113 333 399 390 Agrippinam
425 330 625 386 stimulis,
651 332 780 386 atque
804 330 902 387 ipsa
919 331 1162 386 Agrippina
1186 332 1318 388 paulo
1345 334 1613 388 commotior,

45 394 132 437 nisi
169 392 281 460 quod
319 390 519 434 castitate
556 392 599 432 et
634 390 781 432 mariti
818 405 964 433 amore
1005 390 1200 446 quamvis
1230 391 1490 435 indomitum
1522 393 1613 435 ani-

50 467 168 496 mum
198 452 245 494 in
274 451 437 494 bonum
467 449 676 492 vertebat.

167 510 251 554 Sed
269 509 549 553 Germanicus
569 510 733 565 quanto
754 522 945 551 summae
966 509 1058 564 spei
1083 509 1273 565 propior,
1298 512 1424 554 tanto
1450 511 1610 567 impen-
1626 512 1686 554 34

50 572 137 615 sius
168 585 246 626 pro
273 569 448 612 Tiberio
479 568 575 623 niti,
606 582 734 624 seque
767 570 811 610 et
840 568 1060 623 proximos
1086 571 1129 611 et
1153 568 1387 626 Belgarum
1414 571 1613 614 civitates

49 631 97 674 in
126 630 260 673 verba
291 629 381 672 eius
414 628 562 684 adigit.
615 627 769 670 dehinc
801 627 948 670 audito
979 628 1198 684 legionum
1230 630 1421 672 tumultu
1451 631 1613 686 raptim

46 689 266 747 profectus
298 688 448 731 obvias
480 689 600 730 extra
630 689 772 730 castra
803 686 970 742 habuit,
1001 687 1180 730 deiectis
1211 688 1257 730 in
1287 694 1449 731 terram
1479 690 1613 733 oculis

46 750 165 793 velut
209 747 490 804 paenitentia.

559 749 792 803 postquam
835 747 1000 789 vallum
1049 747 1170 802 iniit,
1222 748 1385 791 dissoni
1435 751 1612 805 questus
1639 761 1661 792 5

49 809 407 863 audiri‘coepere.
469 808 513 848 et
543 806 716 862 quidam
747 820 906 862 prensa
935 821 1065 850 manu
1098 807 1188 849 eius
1219 822 1297 863 per
1328 809 1514 864 speciem
1546 823 1614 851 ex-

49 867 272 912 osculandi
290 868 562 909 inseruerunt
587 865 758 921 digitos,
784 868 833 908 ut
851 880 988 908 vacua
1006 866 1207 909 dentibus
1228 882 1304 910 ora
1323 867 1614 925 contingeret3

48 927 124 971 alii
149 929 327 970 curvata
353 926 471 968 senio
496 925 692 968 membra
717 925 1013 968 ostendebant.
1051 926 1331 970 adsistentem
1359 927 1614 982 contionem,

48 987 150 1044 quia
188 986 403 1042 permixta
441 984 690 1040 videbatur,
731 984 947 1028 discedere
987 985 1032 1027 in
1075 986 1320 1041 manipulos
1363 987 1506 1042 iubet;
1551 987 1612 1029 sic

49 1046 202 1089 melius
243 1045 464 1088 audituros
501 1058 776 1100 responsum3
819 1044 975 1087 vexilla
1014 1044 1238 1099 praeferri,
1280 1048 1330 1088 ut
1370 1046 1413 1088 id
1455 1047 1611 1089 saltem
1640 1058 1684 1090 1ο

49 1105 308 1148 discerneret
338 1104 556 1147 cohortes:
588 1103 711 1146 tarde
744 1103 1107 1159 obtemperavere.
1154 1108 1260 1147 tunc
1285 1120 1311 1148 a
1335 1106 1613 1149 veneratione

50 1164 242 1222 Augusti
273 1178 396 1207 orsus
427 1163 549 1206 flexit
580 1163 633 1205 ad
670 1163 873 1206 victorias
910 1163 1238 1220 triumphosque
1271 1164 1451 1220 Tiberii,
1488 1180 1614 1222 prae-

49 1225 187 1280 cipuis
237 1223 438 1266 laudibus
489 1222 712 1265 celebrans
762 1237 870 1278 quae
920 1222 1033 1278 apud
1077 1222 1328 1266 Germanias
1380 1225 1466 1267 illis
1516 1239 1613 1268 cum

49 1283 295 1340 legionibus
320 1281 612 1338 pulcherrima
636 1281 820 1324 fecisset.
862 1282 1016 1324 Italiae
1036 1282 1136 1325 inde
1156 1297 1427 1340 consensum,
1452 1283 1614 1327 Gallia—

47 1358 144 1386 rum
174 1342 304 1385 fidem
335 1341 521 1397 extollit3
552 1341 615 1383 nil
646 1355 828 1397 usquam
858 1341 1078 1384 turbidum
1104 1345 1181 1385 aut
1211 1342 1388 1386 discors.
1415 1343 1611 1387 ‘silentio
1642 1354 1684 1386 15

48 1402 156 1445 haec
186 1402 255 1445 vel
286 1415 505 1444 murmure
537 1400 706 1443 modico
739 1400 886 1443 audita
918 1403 1033 1443 sunt.

170 1461 231 1505 Ut
262 1460 517 1504 seditionem
551 1460 716 1516 attigit,
747 1460 822 1502 ubi
852 1460 1067 1503 modestia
1098 1461 1320 1517 militaris,
1350 1462 1426 1504 ubi
1457 1462 1614 1505 veteris
1628 1462 1686 1506 35

53 1520 305 1577 disciplinae
330 1520 472 1576 decus,
498 1534 685 1575 quonam
710 1519 921 1572 tribunos,
947 1535 1030 1576 quo
1058 1521 1331 1564 centuriones
1357 1522 1614 1578 exegissent,

51 1581 262 1636 rogitans,
286 1579 452 1622 nudant
477 1579 666 1622 universi
692 1593 884 1635 corpora,
909 1579 1129 1623 cicatrices
1156 1595 1207 1622 ex
1232 1581 1495 1636 vulneribus,
1519 1596 1615 1624 ver-

51 1640 200 1683 berum
231 1642 356 1682 notas
389 1639 670 1695 exprobrant3
708 1653 809 1681 mox
838 1638 1084 1682 indiscretis
1117 1640 1292 1683 vocibus
1323 1641 1464 1696 pretia
1494 1655 1616 1683 vaca-

50 1700 231 1754 tionum,
263 1698 487 1756 angustias
514 1698 730 1754 stipendii,
755 1698 958 1741 duritiam
985 1713 1163 1754 operum
1189 1714 1238 1742 ac
1263 1700 1453 1755 propriis
1477 1700 1614 1743 nomi·
1641 1711 1663 1742 5

50 1759 180 1802 nibus
194 1759 397 1801 incusant
409 1758 584 1813 vallum,
605 1758 757 1812 fossas,
775 1758 926 1813 pabuli
939 1759 1144 1801 materiae
1165 1758 1384 1815 lignorum
1399 1759 1615 1816 adgestus,

51 1820 95 1861 et
135 1819 171 1860 si
213 1833 298 1874 qua
336 1817 421 1860 alia
459 1832 510 1860 ex
546 1818 805 1860 necessitate
844 1820 918 1859 aut
956 1818 1160 1860 adversus
1199 1819 1337 1861 otium
1375 1822 1615 1863 castrorum

52 1880 327 1934 quaeruntur.
388 1877 686 1920 atrocissimus
724 1878 1026 1919 veteranorum
1064 1877 1226 1920 clamor
1264 1879 1501 1935 oriebatur,
1543 1879 1616 1934 qui

102 1997 156 2029 10.
193 1993 368 2029 obscurus
396 1992 491 2028 wird
514 1992 554 2027 in
580 1991 702 2027 dieser
725 1991 794 2028 Be-

57 2041 224 2086 deutung
248 2051 321 2076 von
347 2038 422 2075 Cic.
443 2039 488 2075 de
514 2039 574 2075 off.
595 2043 628 2083 3,
657 2043 699 2075 13
726 2040 797 2075 mit

52 2091 209 2132 astutus,
231 2087 366 2132 fallam,
388 2087 592 2123 malitiosus
615 2099 651 2123 u.
673 2098 706 2122 a.
734 2099 796 2122 zu-

869 2043 900 2083 ἓ
918 1997 981 2084 (ᾖ
986 1984 1087 2075 {ber
1121 1993 1250 2029 audiri
1284 2005 1427 2040 coepere
1462 2006 1488 2029 s.
1516 1993 1615 2030 Einl.

918 2102 973 2135 10.
997 2110 1209 2144 responsum
1228 2100 1307 2136 scil.
1334 2105 1393 2137 est.
1416 2121 1460 2127 -
1479 2102 1615 2138 vexilla

54 2134 388 2181 sammengestellt.
440 2155 483 2160 —
533 2135 795 2171 novercalibus.
862 2147 1066 2192 Praeferri
1112 2146 1192 2182 8011
1229 2148 1338 2184 iubet
1401 2148 1468 2184 Bei
1505 2148 1616 2195 jeder

53 2183 162 2219 Livia
192 2183 336 2218 vertrat
367 2181 425 2218 die
452 2181 569 2218 Stelle
594 2182 660 2217 der
684 2182 796 2227 Julia,

52 2229 139 2266 weil
160 2229 292 2266 diese
281 2241 320 2265 111
334 2229 399 2266 der
412 2229 666 2275 Verbannung
683 2229 795 2265 lebte.

103 2281 158 2313 11.
188 2278 357 2313 stimulis.
391 2278 536 2323 Wegen
561 2277 626 2313 des
651 2276 795 2323 Tropus

53 2325 128 2371 vgl.
149 2323 294 2361 Cicero:
323 2326 487 2361 animum
510 2325 648 2370 qloriae
670 2326 797 2361 stimu-

53 2373 100 2409 lis
124 2373 322 2417 concitare,
347 2373 463 2409 alicui
485 2373 650 2409 stimulos
675 2373 797 2408 admo-

53 2430 132 2456 vere
138 2433 151 2463 ;
181 2420 338 2456 stimulis
362 2421 493 2464 fodere.
520 2441 565 2446 —
591 2420 797 2456 commotior

0 2488 6 2502 ;
54 2484 100 2498 =
125 2467 224 2512 quod
249 2468 470 2504 commotior
500 2468 591 2505 erat.
640 2467 723 2514 Vgl.
751 2479 796 2503 zu

0 2515 11 2557 ’ὃ
54 2518 87 2560 3,
107 2518 128 2550 9
153 2515 250 2550 nihil
274 2516 463 2551 occultum.

0 2564 6 2604 ζ
101 2561 165 2598 34.
191 2566 224 2598 2.
245 2563 412 2607 proximi
435 2562 519 2598 sind
544 2562 605 2598 die
630 2562 796 2598 hoheren

2 2623 17 2656 ἦ
52 2608 253 2653 Beamten,
284 2609 343 2645 die
376 2610 456 2646 sich
486 2611 525 2646 in
561 2610 683 2646 seiner
706 2610 795 2645 Um-

0 2659 15 2685 ῑ-
53 2656 204 2739 gfflbg
126 2668 204 2703 ung
227 2656 431 2702 befanden3
457 2658 593 2693 andere
612 2669 737 2694 waren
756 2658 796 2692 in

110 2703 202 2740 llien
232 2706 412 2740 zerstreut
441 2705 492 2742 ad
519 2716 663 2742 censum
687 2716 796 2752 ayon-

0 2753 12 2794 ,ς’
53 2751 178 2797 dum(
164 2752 223 2797 (pc
228 2752 326 2797 ..31)

0 2796 26 2843 (ἶ,
100 2801 133 2833 3.
165 2799 305 2842 dehinc,
331 2798 557 2835 dichterisch
581 2799 657 2835 und
682 2799 793 2835 nach-

10 2884 13 2885 .
53 2844 153 2929 suman
154 2845 253 2930 izch,
285 2826 382 2883 doch
415 2846 511 2883 auch
542 2847 604 2884 ein
628 2846 707 2882 Mal
736 2846 799 2882 bei

130 2903 173 2929 us
193 2921 202 2930 .

867 2193 1033 2230 Kohorte
1069 2194 1152 2230 sind
1186 2195 1266 2231 drei
1300 2195 1484 2232 Fahnlein
1517 2197 1615 2233 nach

868 2241 934 2276 der
959 2242 1050 2277 Zahl
1075 2242 1142 2278 der
1165 2242 1294 2289 Manip
1295 2242 1367 2279 8111.
1418 2242 1489 2280 1)18
1514 2244 1615 2280 Satz-

869 2289 1027 2335 bildung
1051 2289 1102 2325 ist
1126 2290 1457 2328 charakteristisch
1482 2302 1614 2338 wegen

869 2337 935 2372 der
958 2337 1151 2374 Parataxe.

917 2399 973 2430 12.
996 2395 1074 2432 Das
1092 2396 1329 2433 intransitive
1350 2399 1487 2443 flectere
1498 2398 1618 2433 findet

869 2441 950 2478 sich
975 2444 1052 2479 erst
1075 2444 1147 2480 seit
1163 2444 1256 2490 Virg
1259 2444 1286 2480 il
1312 2446 1389 2480 und
1408 2445 1615 2481 Livius.—

869 2489 1040 2526 Tiberius
1070 2492 1176 2527 hatte
1209 2492 1294 2527 dort
1324 2493 1404 2528 drei
1431 2492 1507 2527 Mal
1542 2492 1615 2528 den

870 2537 1095 2574 Oberbefehl
1125 2539 1296 2584 gefiihrt·
1330 2544 1395 2575 9-—
1402 2543 1423 2575 8
1455 2552 1489 2576 v.
1517 2538 1615 2585 Chr,

868 2588 962 2620 4-5
988 2586 1065 2621 und
1091 2589 1206 2622 9-11
1233 2599 1268 2622 11.
1290 2586 1373 2624 Chr.

918 2647 973 2680 13.
999 2636 1100 2681 Uber
1125 2645 1229 2691 apud
1254 2656 1282 2680 s.
1302 2644 1399 2680 Einl.
1420 2648 1451 2688 s.
1472 2648 1526 2680 50.

916 2702 981 2739 35.
1007 2707 1040 2739 4.
1066 2704 1287 2740 indiscretus
1312 2703 1409 2739 &fter
1432 2704 1494 2740 bei
1514 2705 1614 2750 Tac.‚

871 2750 931 2786 ein
950 2750 1029 2786 Mal
1053 2750 1115 2786 bei
1132 2750 1262 2796 Varro,
1290 2753 1393 2786 sonst
1417 2751 1478 2787 bei
1503 2751 1614 2788 Dich-

869 2798 953 2834 tern
977 2798 1054 2833 und
1078 2797 1268 2843 Spateren.
1296 2819 1340 2825 —
1361 2800 1484 2844 pretia
1507 2811 1615 2836 vaca-

870 2846 1020 2881 tionum.
1067 2844 1115 2881 So
1140 2847 1235 2881 auch
1255 2846 1316 2883 die
1336 2846 1616 2892 pannonischen

869 2892 1070 2939 Legionen,
1095 2905 1151 2939 cp.
1173 2897 1228 2930 17.
