1786 3120
566 97 713 134 LIBER
735 97 834 134 XIII.
869 97 970 134 OAP.
996 101 1150 134 34—36.

1561 99 1646 142 103

80 207 198 262 adeo,
230 209 278 249 ut
303 206 492 250 obducta
522 206 660 262 glacie
684 206 769 248 nisi
793 206 950 248 effossa
980 205 1138 247 humus
1163 206 1364 248 tentoriis
1390 207 1534 249 locum
1559 222 1648 251 non

78 266 316 322 praeberet.
365 266 555 308 ambusti
580 265 814 308 multorum
840 266 961 306 artus
987 264 1031 306 vi
1062 264 1240 320 frigoris
1267 267 1311 307 et
1336 265 1512 320 quidam
1536 267 1649 309 inter

79 325 280 368 excubias
306 325 538 368 exanimati
563 326 675 366 sunt.
707 323 1024 379 adnotatusque
1050 324 1189 380 miles,
1222 323 1296 379 qui
1324 324 1486 366 fascem
1511 325 1648 381 ligno-

77 399 173 427 rum
210 385 421 441 gestabat,
464 385 528 426 ita
567 382 856 439 praeriguisse
892 397 1065 437 manus,
1108 385 1157 425 ut
1204 383 1325 426 oneri
1363 383 1647 427 adhaerentes
1675 396 1718 427 15

77 444 241 486 truncis
274 444 462 487 brachiis
494 442 749 485 deciderent.
804 442 897 498 ipse
930 443 1048 485 cultu
1078 442 1181 498 levi,
1219 443 1361 498 capite
1391 443 1571 498 intecto,
1602 443 1648 486 in

78 503 263 558 agmine,
288 504 334 545 in
352 502 575 545 laboribus
600 502 803 557 frequens
825 502 991 557 adesse,
1016 501 1190 544 laudem
1214 502 1415 558 strenuis,
1440 503 1647 545 solacium

76 563 294 615 invalidis,
326 562 570 616 exemplum
603 561 803 604 omnibus
836 561 1074 604 ostendere.
1123 561 1276 604 dehinc
1308 562 1411 618 quia
1442 562 1648 605 duritiam

78 622 186 664 caeli
210 621 475 677 militiaeque
501 621 629 663 multi
655 621 907 663 abnuebant
932 621 1291 676 deserebantque,
1321 621 1559 663 remedium
1584 636 1647 664 se-

79 681 258 723 veritate
290 680 533 736 quaesitum
566 682 642 722 est.
696 694 775 723 nec
807 695 940 735 emm,
972 683 1020 722 ut
1050 681 1097 722 in
1128 680 1224 723 aliis
1258 680 1532 737 exercitibus,
1563 682 1647 737 pri·
1673 691 1719 724 20

75 754 193 782 mum
225 740 495 795 alterumque
527 740 734 782 delictum
764 740 890 782 venia
919 740 1275 795 prosequebatur,
1307 740 1381 782 sed
1413 740 1488 796 qui
1519 740 1646 797 signa

74 799 325 854 reliquerat,
363 800 512 842 statim
545 800 686 854 capite
718 813 879 854 poenas
911 799 1071 841 luebat.
1126 799 1254 854 idque
1285 813 1367 841 usu
1399 799 1571 843 salubre
1603 803 1646 842 et

74 858 368 902 misericordia
399 859 552 901 melius
585 859 806 914 apparuit,
844 859 1001 914 quippe
1040 859 1265 914 pauciores
1295 858 1373 901 illa
1405 861 1548 901 castra
1578 860 1647 902 de-

75 932 245 960 seruere
277 933 407 973 quam
439 933 490 960 ea
519 918 566 960 in
598 918 754 973 quibus
785 918 1104 973 ignoscebatur.

194 977 376 1020 Interim
401 976 588 1020 Corbulo
615 977 859 1033 legionibus
885 977 1002 1019 intra
1028 979 1172 1020 castra
1196 977 1377 1031 habitis,
1409 977 1544 1020 donec
1569 992 1644 1020 ver
1658 978 1714 1020 36

76 1037 351 1092 adolesceret,
383 1037 692 1092 dispositisque
722 1051 801 1092 per
830 1036 1007 1079 idoneos
1039 1037 1157 1079 locos
1184 1037 1434 1079 cohortibus
1467 1037 1646 1079 auxilia-

73 1096 163 1148 riis,
188 1111 244 1139 ne
270 1110 461 1152 pugnam
486 1097 653 1151 priores
673 1095 880 1138 auderent
904 1096 1133 1151 praedicit3
1161 1111 1308 1139 curam
1327 1096 1646 1152 praesidiorum

75 1155 230 1199 Paccio
264 1155 403 1198 Orfito
434 1156 564 1211 primi
600 1155 680 1211 pili
718 1155 882 1198 honore
918 1155 1146 1210 perfuncto
1178 1155 1368 1198 mandat.
1423 1156 1460 1198 is
1499 1171 1646 1211 quam-

75 1229 205 1270 quam
248 1215 445 1258 incautos
483 1215 692 1258 barbaros
731 1217 774 1257 et
815 1215 924 1257 bene
964 1215 1178 1271 gerendae
1214 1215 1277 1257 rei
1315 1229 1464 1257 casum
1502 1215 1646 1258 offerri
1672 1225 1692 1256 5

76 1274 324 1330 scripserat,
367 1277 514 1317 tenere
559 1289 603 1317 se
641 1274 923 1316 munimentis
962 1276 1006 1316 et
1041 1274 1226 1316 maiores
1265 1274 1411 1329 copias
1452 1274 1647 1341 opperiri

74 1333 259 1376 iubetur.
309 1334 384 1376 sed
415 1336 543 1389 rupto
580 1334 780 1389 imperio,
817 1335 1049 1389 postquam
1086 1347 1250 1389 paucae
1281 1347 1304 1375 e
1338 1333 1546 1388 proximis
1579 1347 1647 1376 ca-

75 1393 211 1435 stellis
260 1395 430 1435 turmae
480 1393 746 1435 advenerant
793 1407 1069 1449 pugnamque
1126 1391 1344 1447 imperitia
1398 1393 1648 1447 poscebant,

75 1465 334 1508 congressus
373 1466 470 1494 cum
506 1453 630 1495 hoste
668 1452 875 1494 funditur.
937 1454 980 1494 et
1017 1452 1174 1494 damno
1213 1452 1304 1494 eius
1343 1452 1537 1494 exterriti
1575 1453 1648 1507 qui

76 1511 316 1553 subsidium
346 1510 459 1554 ferre
493 1511 741 1566 debuerant,
773 1525 851 1554 sua
883 1511 1064 1567 quisque
1095 1511 1142 1552 in
1168 1513 1310 1553 castra
1341 1511 1510 1566 trepida
1540 1511 1647 1568 fuga

74 1569 249 1613 rediere.
293 1570 406 1626 quod
438 1571 628 1626 graviter
653 1569 842 1613 Corbulo
875 1570 1041 1626 accepit
1071 1571 1415 1625 increpitumque
1446 1570 1648 1613 Paccium

75 1631 120 1671 et
150 1629 391 1685 praefectos
423 1630 669 1685 militesque
701 1629 877 1673 tendere
909 1631 1031 1672 extra
1062 1630 1226 1672 vallum
1257 1630 1402 1684 iussit;
1435 1630 1567 1685 inque
1599 1645 1650 1672 ea

125 1785 180 1816 13.
201 1781 390 1816 ambustus
409 1781 620 1826 „erfroren“
640 1782 738 1818 auch
764 1782 824 1818 1101

76 1829 163 1864 (10111
187 1829 332 1863 alteren
354 1828 513 1864 Plinius:
546 1830 714 1865 ambusta
744 1830 826 1875 iyni

74 1877 130 1912 vel
154 1876 302 1921 frigore.

126 1927 181 1959 14.
208 1923 416 1958 adnotatus.
461 1913 562 1958 Uber
594 1923 668 1958 den
693 1934 826 1969 ausge-

76 1970 242 2006 dehnten
274 1969 472 2005 Gebrauch
509 1970 575 2006 des
609 1970 760 2006 Nomin.
794 1981 824 2005 c.

75 2018 178 2053 infin.
204 2029 232 2053 s.
258 2015 356 2052 Einl.
383 2020 414 2060 ἓ.
440 2021 496 2053 82.

125 2068 181 2100 15.
201 2065 452 2118 praeriyere,
456 2075 582 2110 ,vorne
614 2066 824 2101 erstarren“

74 2112 125 2148 ist
155 2124 220 2149 απ.
254 2110 322 2157 εἰρ.
360 2111 430 2147 wie
458 2113 683 2157 praecolere,
714 2124 824 2158 prae-

75 2160 254 2196 umbrare.
299 2180 347 2184 —
393 2170 536 2195 manus.
605 2140 704 2196 Uber
753 2160 826 2196 den

75 2206 335 2252 griechischen
346 2206 546 2242 Accusativ
559 2219 586 2243 s
601 2207 699 2243 Einl.
715 2211 747 2250 ξ.
767 2212 824 2243 24.

75 2253 161 2299 Vgl.
191 2256 247 2298 15,
273 2257 319 2289 64
342 2254 507 2299 friyidus
529 2255 606 2290 iam
630 2258 744 2291 artus.

126 2305 181 2336 17.
200 2301 370 2345 frequens
383 2301 439 2336 als
452 2301 716 2348 Pradikatsadj
721 2302 825 2339 ektiv

76 2347 116 2384 in
135 2348 203 2384 der
215 2347 465 2393 Bedeutung,
468 2348 630 2395 ,haufig“
649 2351 742 2385 statt
761 2350 825 2386 des

76 2395 244 2431 Adverbs
277 2395 373 2430 auch
403 2399 437 2439 4,
456 2375 509 2487 ’pa
522 2399 567 2431 55
599 2397 675 2432 und
710 2397 827 2433 schon

75 2442 138 2478 bei
176 2441 304 2478 Cicero
343 2455 371 2478 z.
404 2423 444 2478 Β.
484 2455 519 2487 p.
553 2443 662 2480 Rosc.
695 2445 777 2479 Am.
805 2448 826 2480 6

77 2493 155 2526 erat
179 2490 241 2525 ille
264 2489 403 2525 Romae
425 2489 606 2534 frequens.

127 2541 183 2573 18.
209 2537 391 2573 ostendere
421 2547 488 2572 vor
518 2538 650 2583 Augen
684 2538 825 2575 halten.

128 2589 183 2620 19.
209 2584 368 2620 abnuere
393 2585 488 2619 statt
511 2585 724 2630 detrectare,
755 2586 827 2622 wie

78 2636 112 2677 6,
136 2635 182 2667 27
209 2631 368 2667 abnuere
391 2631 433 2666 id
456 2642 599 2667 munus.
634 2636 690 2676 11,
711 2613 740 2668 8
765 2634 827 2669 do-

77 2679 323 2726 minationem.
354 2682 408 2722 14,
429 2682 473 2713 37
493 2679 597 2714 iussa
615 2659 732 2724 duc’is,
751 2680 828 2715 und

79 2726 186 2762 efter.
217 2717 382 2761 Α111111011
406 2726 468 2761 1101
487 2725 717 2772 Klassikern,
737 2727 827 2763 aber

79 2773 210 2809 selten.

127 2866 190 2902 36.
223 2871 255 2903 2.
282 2868 496 2904 adolesceret
528 2867 608 2912 „bis
637 2867 703 2903 (101
726 2868 826 2904 volle

897 1780 1080 1826 Fn‘ihling
1111 1781 1308 1816 eintrasse‘a
1358 1782 1402 1817 In
1436 1780 1557 1818 dieser
1579 1782 1648 1817 Be-

899 1828 1066 1873 deutung
1090 1828 1300 1873 gebraucht
1320 1828 1406 1865 Tac.
1428 1839 1527 1864 zwar
1551 1829 1649 1865 nach

899 1876 984 1911 dem
1004 1875 1205 1921 Vorgange
1225 1875 1291 1911 des
1311 1875 1453 1911 Sallust
1472 1877 1538 1912 das
1557 1876 1650 1912 Par·

898 1922 990 1968 ticip
1016 1923 1178 1965 adultus,
1202 1934 1267 1958 um
1292 1922 1353 1958 (110
1378 1922 1544 1959 mittlere
1568 1923 1651 1959 Zeit

898 1981 943 2005 zu
962 1969 1199 2013 bezeichnen,
1224 1969 1287 2005 bei
1309 1980 1382 2014 ver,
1407 1974 1538 2014 aestas,
1563 1982 1649 2007 auc-

900 2020 1062 2060 tumnus,
1079 2027 1168 2061 nox,
1191 2017 1281 2053 aber
1299 2017 1366 2053 das
1385 2016 1551 2054 Verbum
1567 2017 1650 2054 fini-

898 2066 980 2100 tum
1006 2076 1077 2100 nur
1101 2063 1194 2099 hier.

946 2116 979 2147 3.
999 2112 1213 2157 praedicere
1231 2112 1326 2147 statt
1349 2113 1495 2156 edicere,
1514 2113 1649 2157 iubere,

898 2159 967 2195 wie
995 2163 1051 2204 16,
1077 2163 1123 2194 33
1148 2160 1340 2204 praedicto
1371 2171 1418 2195 ne
1445 2161 1489 2196 in
1518 2171 1558 2196 re
1575 2172 1647 2206 pu-

899 2207 995 2242 blica
1018 2207 1221 2242 haberetwr.
1267 2206 1341 2242 Cic.
1369 2207 1414 2243 de
1440 2208 1515 2244 div.
1544 2212 1574 2251 1,
1601 2212 1647 2243 24

891 2255 1106 2299 praedicere
1137 2265 1182 2290 ne
1211 2255 1253 2290 id
1281 2255 1426 2298 faceret.
1471 2255 1648 2301 Haufiger

898 2300 960 2337 bei
984 2301 1126 2337 Livius.

947 2352 979 2383 4.
1000 2350 1120 2394 primi
1138 2349 1214 2394 pili
1233 2349 1298 2385 ctt.
1335 2349 1385 2384 Er
1403 2349 1454 2385 ist
1472 2351 1552 2386 also
1565 2350 1648 2398 pri-

898 2397 1103 2441 mipilaris,
1127 2396 1196 2431 hat
1220 2396 1275 2432 als
1300 2396 1445 2432 solcher
1469 2397 1542 2432 den
1567 2408 1647 2433 een-

898 2454 961 2479 sus
985 2447 1143 2489 equester
1174 2443 1251 2478 und
1275 2443 1555 2479 Anwartschaft
1585 2444 1652 2480 auf

900 2490 961 2526 die
976 2489 1092 2526 Stelle
1112 2490 1213 2526 eines
1233 2490 1542 2535 Kriegstribunen
1561 2491 1651 2527 oder

899 2537 1113 2573 Prafekten.

948 2588 980 2620 5.
1008 2595 1115 2620 casus
1139 2585 1234 2620 statt
1258 2585 1411 2628 occasio,
1434 2584 1506 2621 wie
1534 2589 1647 2630 1,13.

950 2682 981 2714 7.
1007 2682 1117 2724 rupto
1144 2679 1237 2714 statt
1260 2682 1390 2724 spreto.
1429 2678 1516 2716 hist.
1544 2682 1647 2723 3,19

899 2727 1052 2771 rupturi
1082 2727 1285 2771 imperium.
1337 2725 1385 2762 So
1419 2725 1480 2762 1101
1516 2726 1649 2762 11111331-

899 2774 1014 2856 ἓο11011
1057 2773 1256 2809 Dichtem:
1305 2784 1472 2819 rumpere
1520 2773 1650 2818 edicta,

925 2823 1050 2856 cereta.

948 2871 1004 2905 12.
1030 2869 1173 2904 tendere
1199 2869 1264 2904 ctt.
1315 2867 1391 2905 Das
1422 2866 1651 2914 Kampieren
