1812 3112
548 105 695 144 LIBER
717 106 799 143 XII.
844 105 947 143 CAP.
974 109 1127 142 24—28.
1572 105 1639 149 47,

57 214 243 258 Neronis
267 215 483 258 transiret.
538 217 720 272 augetur
744 216 788 256 et
811 213 1056 269 Agrippina
1081 216 1370 269 cognomento
1397 214 1635 270 Augustae.

58 275 214 330 quibus
238 275 424 330 patratis
449 289 578 317 nemo
605 274 712 316 adeo
740 287 891 328 expers
917 272 1239 315 misericordiae
1265 272 1360 325 fuit,
1393 288 1518 328 quem
1544 288 1635 316 non

56 333 302 376 Britannici
331 333 507 376 fortuna
530 346 724 375 maerore
749 332 962 374 adficeret.
1021 331 1241 374 desolatus
1266 333 1477 387 paulatim
1502 333 1634 375 etiam
1660 343 1685 375 5

58 392 284 435 servilibus
316 392 568 435 ministeriis
599 405 706 447 puer
735 390 1045 446 intempestiva
1075 405 1288 434 novercae
1321 391 1465 434 officia
1495 391 1543 434 in
1571 392 1635 434 lu-

57 451 242 494 dibrium
285 452 500 507 vertebat,
543 451 800 506 intellegens
844 449 958 492 falsi.
1030 464 1167 506 neque
1212 450 1327 492 enim
1373 463 1549 506 segnem
1595 451 1634 492 ei

56 511 189 553 fuisse
220 510 410 553 indolem
440 510 604 565 ferunt,
642 509 730 552 sive
761 522 930 564 verum,
965 523 1041 552 seu
1071 509 1275 565 periculis
1308 509 1634 552 commendatus

55 569 236 612 retinuit
266 570 426 612 famam
459 569 551 611 sine
583 568 888 623 experimento.

175 627 259 671 Sed
294 627 539 683 Agrippina
581 642 665 683 quo
709 628 797 669 vim
843 642 966 669 suam
1007 627 1135 670 sociis
1176 641 1346 683 quoque
1383 627 1633 670 nationibus
1647 627 1706 669 27

59 689 312 742 ostentaret,
342 688 389 728 in
421 687 625 742 oppidum
651 686 877 741 Ubiorum,
908 686 954 728 in
986 701 1070 742 quo
1098 687 1244 742 genita
1270 689 1373 742 erat,
1404 689 1633 729 veteranos

55 746 351 802 coloniamque
390 746 540 788 deduci
575 746 798 802 impetrat,
839 746 908 788 cui
945 760 1105 788 nomen
1141 746 1324 788 inditum
1362 760 1384 788 e
1423 746 1632 788 vocabulo

54 805 201 860 ipsius.
258 819 307 848 ac
336 805 450 847 forte
483 805 698 848 acciderat
729 807 779 846 ut
810 819 904 847 eam
934 807 1107 861 gentem
1133 804 1286 847 Rheno
1312 807 1633 860 transgressam

56 878 161 907 avus
191 862 391 920 Agrippa
421 864 468 906 in
498 864 629 906 fidem
661 864 885 919 acciperet.
1659 874 1679 904 5

173 922 317 965 Isdem
353 923 622 979 temporibus
659 923 706 972 in
745 922 965 978 superiore
996 921 1230 965 Germania
1263 923 1527 978 trepidatum
1560 922 1632 965 ad-

54 984 186 1024 ventu
232 980 489 1024 Chattorum
532 982 762 1024 latrocinia
806 981 1077 1038 agitantium.
1140 981 1239 1024 dein
1278 981 1324 1025 P.
1363 981 1631 1037 Pomponius

55 1041 226 1097 legatus
259 1041 490 1084 auxiliares
514 1040 772 1097 Vangionas
804 1055 853 1083 ac
881 1039 1103 1096 Nemetas,
1137 1041 1282 1083 addito
1315 1041 1459 1095 equite
1486 1041 1632 1095 alario,

55 1101 229 1155 inmisit,
260 1100 449 1143 monitos
481 1102 531 1142 ut
562 1101 776 1143 anteirent
806 1100 1086 1154 populatores
1118 1100 1186 1142 vel
1216 1100 1394 1155 dilapsis
1420 1099 1633 1154 inprovisi

57 1158 511 1202 circumfunderentur.
555 1162 599 1201 et
623 1160 771 1201 secuta
795 1158 1023 1200 consilium
1048 1158 1167 1201 ducis
1193 1159 1408 1201 industria
1429 1159 1632 1211 militum,
1660 1169 1708 1200 10

58 1217 270 1273 divisique
306 1218 353 1259 in
390 1217 474 1260 duo
513 1218 707 1274 agmina,
748 1217 821 1272 qui
859 1217 1029 1259 laevum
1066 1218 1149 1260 iter
1185 1218 1448 1272 petiverant,
1485 1231 1633 1260 recens

55 1290 251 1320 reversos
287 1276 533 1332 praedaque
570 1291 646 1332 per
682 1277 832 1319 luxum
868 1290 971 1318 usos
1005 1278 1048 1319 et
1083 1291 1234 1319 somno
1267 1290 1421 1332 graves
1454 1276 1633 1319 circum-

56 1350 221 1379 venere.
278 1338 404 1378 aucta
434 1335 613 1391 laetitia,
646 1335 759 1391 quod
792 1335 1000 1390 quosdam
1032 1350 1054 1377 e
1086 1336 1204 1378 clade
1231 1335 1423 1379 Variana
1452 1336 1632 1391 quadra-

57 1395 303 1450 gensimum
334 1397 434 1450 post
465 1409 624 1437 annum
657 1394 831 1437 servitio
865 1396 1123 1437 exemerant.

175 1452 238 1496 At
280 1454 355 1509 qui
400 1453 560 1496 dextris
606 1456 649 1496 et
684 1453 960 1509 propioribus
999 1453 1264 1509 compendiis
1303 1454 1461 1509 ierant,
1505 1453 1632 1496 obvio
1646 1454 1705 1496 28

56 1512 175 1555 hosti
217 1514 261 1555 et
301 1513 436 1555 aciem
474 1527 578 1555 auso
616 1513 714 1568 plus
752 1512 884 1555 cladis
922 1512 1107 1568 faciunt,
1151 1514 1194 1554 et
1230 1512 1393 1568 praeda
1430 1512 1633 1568 famaque

58 1572 203 1614 onusti
241 1571 295 1614 ad
331 1574 524 1614 montem
557 1571 755 1614 Taunum
792 1574 1082 1626 revertuntur,
1119 1572 1196 1614 ubi
1232 1571 1498 1627 Pomponius
1536 1586 1635 1614 cum

56 1631 300 1687 legionibus
345 1631 667 1687 opperiebatur,
710 1631 746 1673 si
785 1629 934 1673 Chatti
978 1631 1178 1687 cupidine
1215 1631 1448 1673 ulciscendi
1487 1644 1634 1673 casum

61 1758 109 1793 So
140 1757 236 1794 hiel's
268 1757 330 1794 die
354 1757 546 1804 Adoption
579 1757 808 1805 derjenigen,
882 1758 968 1804 Vgl.
998 1762 1058 1802 11,
1087 1762 1129 1794 13
1155 1759 1189 1795 is
1220 1759 1388 1795 earmina
1418 1769 1544 1794 scenae
1568 1759 1634 1794 da-

60 1804 121 1840 die
150 1805 256 1840 nicht
278 1806 390 1841 unter
413 1805 640 1842 vaterlicher
664 1805 811 1842 Gewalt
884 1806 955 1841 bat.
997 1809 1029 1850 5,
1050 1809 1071 1842 8
1097 1807 1214 1842 multa
1238 1817 1378 1842 morum
1404 1806 1583 1851 eleyantia
1602 1809 1635 1841 et

61 1852 234 1896 standen,
267 1863 344 1888 was
375 1852 438 1888 bei
462 1853 561 1888 Nero
593 1852 730 1896 zutraf,
763 1852 812 1888 da
883 1853 1031 1898 inqenio
1055 1853 1217 1889 inlustri.

62 1899 141 1935 Sein
164 1898 282 1943 vater
305 1899 366 1934 *²0¹³
389 1910 477 1935 war·
933 1915 964 1947 8.
998 1911 1069 1946 Die
1094 1910 1318 1957 Vangionen
1345 1912 1422 1947 und
1445 1911 1633 1956 Nemeter,

110 1962 142 1993 3.
169 1968 312 2003 auyere,
331 1957 392 1993 die
408 1957 632 2004 Steigerung
650 1958 716 1993 des
733 1958 812 1993 An·
886 1957 1082 1994 suebische
1104 1958 1282 2003 stamme,
1308 1958 1485 1994 wohnten
1510 1958 1549 1994 in
1569 1958 1635 1994 der

63 2005 208 2049 sehens,
227 2004 293 2040 der
305 2003 435 2040 Macht
453 2004 719 2049 bezeichnend,
738 2004 810 2040 wie
885 2005 1066 2051 heutigen
1090 2005 1323 2051 Rheinpfalz.
1344 2025 1390 2032 —
1409 2005 1633 2042 Accusative

63 2057 102 2096 6,
129 2055 151 2088 8
175 2052 374 2088 honoribus
399 2052 641 2098 auqebantur.
884 2052 956 2087 mit
987 2052 1052 2088 der
1076 2052 1209 2087 Endun
1267 2064 1309 2088 as
1334 2053 1429 2088 statt
1453 2064 1488 2089 es
1513 2053 1634 2089 bildet

110 2114 142 2146 5·
181 2111 363 2146 desolatus
395 2110 642 2156 ,‚verlassen“,
674 2109 744 2147 wie
779 2114 811 2155 1,
885 2098 1057 2144 Tacitus,
1081 2099 1169 2154 ,πίε
1237 2111 1343 2135 aesar
1378 2100 1456 2135 und
1492 2100 1633 2146 Livius,

64 2162 120 2194 30.
154 2161 209 2201 16,
236 2161 293 2193 30.
338 2158 420 2193 Nur
444 2157 507 2193 bei
528 2157 711 2194 Dichtern
735 2157 812 2193 und
886 2147 999 2182 &stem
1013 2147 1232 2192 Bnyantas
1246 2146 1404 2191 Siluras
1422 2146 1634 2192 Ordovicas

61 2205 112 2240 im
141 2204 329 2241 gimel-nen.
349 2204 491 2241 Lamia·
885 2193 1096 2240 Linqonas,
1121 2194 1216 2230 auch
1241 2195 1405 2231 rhetoras
1429 2194 1517 2231 dial.
1543 2198 1599 2231 35.

112 2268 144 2300 fi,
206 2264 458 2310 intempmwa
520 2265 640 2310 „fibel
702 2275 812 2311 ange.
934 2257 966 2289 9.
987 2253 1205 2307 populator,
1219 2255 1343 2290 zuerst
1359 2253 1423 2290 bei
1443 2253 1540 2291 Ovid
1560 2254 1634 2290 und

58 2311 232 2348 bracht‘⁴.
886 2300 1032 2346 Livius,
1064 2301 1165 2336 daun
1194 2300 1246 2336 im
1277 2300 1465 2338 silbernen
1489 2301 1634 2347 Latein‚

112 2362 144 2395 7.
185 2358 392 2404 intellegens
422 2357 495 2394 mit
525 2357 610 2394 dem
642 2358 812 2404 Genetiv,
885 2348 936 2383 1815
961 2347 1022 2383 bel
1048 2348 1136 2384 Tass·
1163 2343 1227 2384 ἅπ-
1256 2346 1323 2393 δῖρ·

63 2405 134 2442 wie
161 2409 201 2451 4,
227 2409 283 2441 38.
317 2409 356 2450 5,
383 2408 422 2450 93
453 2406 551 2441 auch
582 2406 644 2442 bei
671 2406 811 2442 Cicero.
1629 2442 1637 2450 ,

934 2441 998 2478 28.
1031 2445 1063 2479 2.
1090 2442 1132 2477 In
1150 2443 1298 2488 praeda
1322 2441 1494 2488 famaque
1512 2444 1635 2478 onusta

113 2499 176 2536 27,
198 2503 230 2536 2·
250 2499 426 2546 oppidum
446 2498 621 2535 Ubiorum
638 2500 688 2536 ist
703 2500 812 2536 Kffln,
887 2488 981 2534 liegt
1023 2488 1084 2524 ein
1128 2489 1322 2525 ‘ahnliches
1362 2491 1527 2535 Zeugma
1566 2489 1634 2525 wie

113 2550 146 2583 3.
183 2547 376 2592 impetrare
412 2546 483 2581 mit
520 2547 651 2583 Aecus.
683 2558 714 2583 c.
746 2547 812 2583 inf.
887 2535 1010 2571 Germ·
1033 2539 1052 2571 7
1074 2536 1171 2572 θῶας
1190 2540 1223 2572 et
1247 2537 1457 2573 hortamina
1480 2539 1634 2581 yestant·
1686 2561 1688 2563 v

65 2605 136 2630 nur
154 2593 253 2630 noch
270 2593 334 2630 bei
352 2592 538 2629 Ammian.
584 2593 695 2630 Sonat
713 2594 815 2630 steht
933 2599 967 2629 4.
1005 2595 1039 2630 si
1076 2594 1148 2639 „ob
1188 2595 1301 2639 etwa,
1346 2595 1406 2630 fiir
1443 2594 1516 2630 den
1550 2595 1635 2631 Fall

68 2652 107 2677 es
131 2640 204 2676 mit
226 2644 279 2677 ut.
885 2640 1001 2686 dafs“,
1040 2641 1110 2676 wie
1145 2645 1184 2686 4,
1211 2645 1256 2676 49
1294 2642 1490 2678 eaeercitum
1521 2645 1633 2678 osten-

116 2691 147 2723 7.
172 2687 243 2724 Die
263 2687 425 2724 Chatten
449 2687 626 2723 wohnten
650 2687 702 2723 im
721 2688 811 2724 heu·
885 2689 959 2732 dit,
992 2689 1026 2724 si
1056 2688 1209 2724 barbari
1236 2689 1417 2733 proelium
1448 2689 1633 2725 auderent.

66 2734 171 2781 tigen
194 2734 419 2772 Kurhessen.
445 2755 490 2760 —
515 2734 556 2770 P.
575 2734 813 2789 Pomponius,
889 2740 921 2780 1,
941 2739 986 2771 48
1006 2735 1083 2771 und
1103 2735 1209 2771 after.
1246 2736 1294 2771 So
1314 2737 1429 2772 schon
1446 2735 1510 2771 bei
1525 2736 1633 2772 Klas-

69 2780 134 2817 der
157 2793 243 2818 vom
267 2782 301 2818 J.
322 2786 365 2818 31
392 2782 450 2818 bis
475 2786 520 2818 37
544 2792 675 2828 wegen
695 2782 815 2818 seiner
887 2783 1029 2828 sikern,
1056 2795 1085 2818 z.
1111 2783 1153 2818 B.
1180 2782 1282 2818 Caes.
1308 2783 1344 2819 b.
1371 2794 1406 2829 g.
1433 2786 1467 2830 2,
1493 2787 1514 2819 9
1539 2784 1634 2820 hanc

69 2827 340 2865 Freundschaft
376 2829 446 2865 mit
481 2828 593 2874 SeJan
630 2828 815 2875 gefangen
886 2831 920 2865 si
949 2831 1068 2866 nostri
1100 2830 1318 2875 transirent,
1350 2831 1465 2867 hostes
1493 2841 1633 2876 exspec-

72 2873 164 2920 sare,
193 2875 298 2912 hatte
323 2876 534 2922 Tragodien
561 2876 814 2922 geschrieben.
887 2877 1027 2913 tabant.
1077 2877 1112 2914 b.
1140 2887 1170 2912 c.
1197 2880 1236 2923 2,
1266 2881 1312 2913 34
1343 2879 1378 2914 si
1404 2898 1449 2905 —
1475 2879 1635 2914 transire
