1794 3126
117 411 174 454 35

117 1182 173 1224 36

193 125 277 168 148

622 126 851 163 CORNELII
877 93 1040 163 TAGIJPI
1066 126 1326 163 ANNALIUM

191 235 317 289 bant,
358 237 521 291 quanta
557 249 646 277 non
684 235 791 278 alias
829 236 1079 290 multitudo,
1119 238 1161 278 et
1199 236 1341 278 animo
1381 236 1485 280 adeo
1523 237 1672 292 feroci,
1710 239 1759 280 ut

121 304 164 336 10
193 294 395 350 coniuges
433 309 601 350 quoque
637 297 771 337 testes
805 295 1010 338 victoriae
1043 310 1186 338 secum
1216 295 1437 337 traherent
1465 296 1755 352 plaustrisque

192 353 465 409 inponerent,
497 368 606 409 quae
639 369 766 409 super
797 356 1032 397 extremum
1065 354 1275 396 ambitum
1308 354 1447 409 campi
1477 357 1723 409 posuerant.

311 412 527 455 Boudicca
565 427 691 455 curru
729 413 841 455 filias
871 428 975 468 prae
1007 429 1052 456 se
1084 413 1242 455 vehens
1251 447 1262 468 ,
1299 416 1347 455 ut
1379 428 1589 469 quamque
1619 415 1760 457 natio-

191 486 291 514 nem
335 474 592 525 accesserat,
639 471 816 514 solitum
859 472 1031 527 quidem
1069 472 1291 514 Britannis
1336 472 1593 514 feminarum
1630 473 1758 516 ductu

192 531 354 573 bellare
397 531 660 585 testabatur,
705 531 778 572 sed
821 533 926 573 tunc
968 546 1056 574 non
1093 534 1141 573 ut
1176 531 1311 573 tantis
1348 531 1580 574 maioribus
1618 534 1759 575 ortam

193 604 376 646 regnum
408 592 451 631 et
482 603 597 644 opes,
629 604 777 631 verum
808 591 857 631 ut
887 605 1018 632 unam
1050 605 1072 632 e
1103 591 1234 646 vulgo
1265 591 1511 632 libertatem
1543 591 1758 647 amissam,

147 659 168 691 5
196 648 438 691 confectum
469 648 719 690 verberibus
752 662 918 704 corpus,
950 651 1258 692 contrectatam
1288 650 1476 691 filiarum
1506 650 1759 705 pudicitiam

194 707 353 749 ulcisci.

415 722 464 749 eo
504 709 731 762 provectas
762 707 1055 750 Romanorum
1095 708 1330 764 cupidines,
1367 711 1417 751 ut
1447 723 1534 750 non
1565 723 1759 765 corpora,

191 781 246 809 ne
291 768 507 808 senectam
551 766 724 821 quidem
762 769 837 808 aut
874 767 1168 822 virginitatem
1191 767 1462 822 inpollutam
1498 768 1758 824 relinquant.

192 825 340 868 adesse
381 829 528 868 tamen
565 825 667 868 deos
705 826 843 868 iustae
881 826 1112 868 vindictae:
1157 826 1359 869 cecidisse
1395 827 1611 883 legionem
1648 842 1757 882 quae

192 885 405 940 proelium
438 899 542 927 ausa
574 885 646 940 sit3
680 887 843 928 ceteros
876 885 1029 928 castris
1062 886 1267 928 occultari
1298 887 1373 927 aut
1402 886 1551 942 fugam
1577 886 1757 928 circum-

123 955 166 986 10
195 945 369 1000 spicere.
417 959 472 986 ne
514 944 747 999 strepitum
779 944 949 1000 quidem
979 946 1022 986 et
1046 945 1277 987 clamorem
1301 946 1368 986 tot
1392 944 1571 1000 milium,
1600 945 1758 988 nedum

194 1003 381 1058 impetus
414 1005 458 1045 et
488 1018 642 1045 manus
674 1004 928 1059 perlaturos.
987 1004 1023 1046 si
1055 1004 1200 1059 copias
1233 1006 1507 1058 armatorum,
1539 1004 1576 1046 si
1606 1018 1756 1047 causas

185 1063 290 1104 belli
333 1077 477 1105 secum
521 1062 830 1118 expenderent,
873 1063 1132 1106 vincendum
1175 1063 1250 1104 illa
1288 1062 1377 1105 acie
1415 1063 1482 1105 vel
1522 1062 1758 1105 cadendum

187 1136 291 1165 OSSe.

352 1121 396 1163 id
427 1122 597 1164 mulieri
628 1122 908 1178 destinatum;
941 1122 1134 1165 viverent
1170 1122 1251 1164 viri
1283 1125 1327 1164 et
1359 1121 1578 1164 servirent.

306 1179 373 1224 Ne
405 1179 634 1224 Suetonius
668 1181 839 1236 quidem
868 1182 914 1223 in
944 1183 1067 1223 tanto
1100 1181 1350 1223 discrimine
1383 1181 1548 1223 silebat.
1609 1195 1758 1236 quam·

188 1255 317 1296 quam
355 1240 588 1283 confideret
619 1240 786 1295 virtuti,
824 1245 970 1282 tamen
1001 1240 1321 1283 exhortationes
1354 1241 1397 1282 et
1427 1253 1574 1295 preces
1607 1240 1754 1282 misce-

187 1300 285 1354 bat,
319 1302 367 1341 ut
398 1302 650 1354 spernerent
681 1314 856 1342 sonores
888 1300 1170 1342 barbarorum
1203 1302 1246 1341 et
1276 1299 1428 1341 inanes
1461 1299 1619 1340 minas:
1658 1298 1756 1354 plus

187 1358 276 1400 illic
306 1358 563 1401 feminarum
597 1373 726 1414 quam
757 1359 990 1401 iuventutis
1033 1359 1178 1414 aspici.

1239 1358 1420 1400 inbelles
1452 1358 1635 1399 inermes
1669 1371 1757 1400 ces-

140 1429 161 1461 5
188 1432 310 1460 suros
343 1418 508 1472 statim,
549 1419 623 1460 ubi
653 1418 815 1460 ferrum
852 1418 1141 1474 virtutemque
1178 1418 1440 1460 vincentium
1477 1417 1634 1459 totiens
1672 1416 1758 1459 fusi

117 1725 161 1757 10

188 1477 504 1533 adgnovissent.

567 1477 699 1519 etiam
738 1478 784 1519 in
815 1478 962 1519 multis
998 1477 1239 1533 legionibus
1269 1491 1450 1532 paucos,
1488 1476 1561 1531 qui
1590 1475 1755 1531 proelia

186 1536 483 1592 profligarent3
516 1537 763 1592 gloriaeque
795 1551 941 1578 eorum
972 1551 1241 1579 accessurum
1267 1535 1379 1591 quod
1404 1535 1574 1578 modica
1599 1548 1752 1576 manus

186 1595 375 1638 universi
419 1596 630 1637 exercitus
667 1595 829 1637 famam
867 1595 1216 1650 adipiscerentur.

1285 1594 1469 1637 conferti
1505 1595 1675 1636 tantum
1713 1595 1757 1636 et

185 1654 286 1710 pilis
331 1654 497 1696 emissis
541 1657 642 1710 post
683 1654 944 1697 umbonibus
989 1656 1032 1696 et
1077 1654 1230 1710 gladiis
1271 1656 1461 1708 stragem
1499 1652 1756 1707 caedemque

187 1713 502 1768 continuarent,
539 1713 724 1768 praedae
762 1713 1037 1756 inmemores:
1076 1715 1201 1768 parta
1240 1713 1422 1755 victoria
1459 1713 1611 1754 cuncta
1646 1711 1755 1766 ipsis

188 1866 293 1908 bant,
324 1864 394 1899 wie
428 1875 466 1899 es
501 1868 556 1909 15,
582 1868 602 1899 9
634 1863 764 1899 heisst:
795 1865 938 1900 hostiles

187 1916 328 1948 turmae
344 1912 513 1947 subiectis
528 1913 665 1957 campis
676 1923 811 1958 mayna
823 1913 938 1956 specie

187 1960 400 1996 volitabant.
452 1959 562 1995 Sonst
593 1958 632 1994 in
659 1959 799 1994 diesem
826 1958 937 1994 Sinne

187 2019 258 2043 nur
281 2006 343 2042 bei
366 2006 490 2052 Virgil
513 2006 591 2041 und
619 2006 740 2042 Silius.

238 2070 294 2101 11.
339 2066 497 2101 ambitus
538 2066 577 2100 in
616 2066 682 2100 der
720 2065 939 2111 Bedeutung

190 2113 402 2159 ‚,Umfang“
427 2113 545 2149 findet
564 2113 644 2148 sich
664 2113 740 2147 erst
760 2112 831 2148 seit
849 2112 939 2147 Cur—

190 2161 281 2204 tius3
310 2172 394 2196 ann.
417 2165 448 2204 1,
470 2164 511 2196 61
540 2163 662 2196 castra
687 2160 760 2195 lato
786 2160 937 2195 ambitu.

189 2212 223 2252 4,
249 2211 294 2243 48
325 2211 499 2253 quattuor
528 2209 634 2243 milia
659 2218 839 2252 passuum
863 2218 938 2242 am-

191 2256 271 2291 bitu
297 2255 484 2300 amplexus
509 2258 568 2290 est.

237 2373 303 2410 35.
342 2376 374 2409 2.
407 2373 572 2408 accedere
603 2372 673 2407 mit
697 2372 782 2407 dem
807 2372 935 2408 Aecus.

191 2433 219 2456 s.
245 2433 290 2455 zu
315 2424 371 2465 12,
397 2423 440 2455 31
468 2419 545 2454 und
569 2419 665 2455 Einl.
693 2423 723 2462 ξ.
751 2423 808 2464 25,
834 2431 864 2455 c.

236 2484 269 2515 4.
297 2490 449 2525 regnum
472 2482 506 2514 et
530 2489 613 2524 opes
638 2479 730 2514 statt
755 2480 937 2514 iacturam

188 2528 293 2573 regni
326 2531 358 2562 et
387 2537 513 2572 opum,
551 2525 745 2572 abhangig
775 2537 848 2562 von
878 2527 937 2561 ul—

189 2575 294 2618 cisci,
335 2573 386 2609 ist
422 2574 628 2618 pragnante
665 2573 936 2609 Konstruktion

189 2621 260 2657 wie
292 2625 326 2664 2,
351 2624 397 2656 40
422 2621 592 2666 pericula
624 2621 682 2666 (=
716 2620 936 2656 societatem

188 2668 452 2714 periculorum)
485 2668 664 2713 polliceri.
716 2672 748 2712 3,
785 2671 829 2703 70
865 2668 936 2703 rei-

187 2717 358 2761 publicae
387 2716 551 2751 iniurias
576 2716 636 2761 (=
661 2715 810 2751 veniam
841 2714 935 2750 iniu-

189 2764 344 2808 riarum)
386 2774 431 2798 ne
476 2763 684 2808 laryiretur.
746 2762 850 2797 Doch
886 2762 938 2797 ist

191 2811 287 2845 auch
317 2809 500 2855 meglieh,
537 2809 616 2845 dass
650 2810 736 2845 Tac.
768 2809 835 2844 das
866 2809 935 2845 fol-

190 2857 310 2892 dende
347 2858 518 2893 amissam
548 2856 619 2892 mit
649 2869 694 2892 zu
724 2867 874 2902 reqnum
905 2859 938 2892 et

190 2914 273 2949 opes
297 2904 460 2950 bezogen
484 2904 562 2940 hat.

1058 1868 1090 1899 9.
1117 1867 1256 1899 ceteros.
1287 1863 1373 1897 Wie
1391 1862 1462 1908 ΚΡ.
1483 1866 1525 1898 37
1547 1862 1657 1908 zeigt,
1676 1873 1754 1897 war

1012 1910 1072 1946 die
1091 1910 1220 1946 zweite
1239 1909 1382 1955 Legion
1399 1910 1516 1945 durch
1534 1909 1596 1944 die
1615 1908 1755 1945 Schuld

1010 1958 1075 1994 des
1108 1957 1427 2002 Lagcrprafekten
1456 1956 1615 1992 Poenius
1647 1956 1753 1992 nicht

1011 2005 1069 2040 ins
1095 2004 1241 2051 Treffen
1267 2004 1434 2050 gerfickt.

1062 2056 1115 2088 12.
1136 2051 1237 2087 Uber
1254 2053 1308 2087 vel
1328 2052 1421 2087 statt
1439 2055 1506 2087 aut
1519 2062 1546 2086 s.
1560 2063 1606 2086 zu
1626 2054 1681 2095 13,
1697 2053 1754 2086 41.

1059 2146 1124 2183 36.
1168 2151 1202 2182 3.
1236 2157 1361 2189 senor,
1393 2147 1497 2181 sonet
1528 2144 1756 2180 dichterisch

1011 2194 1086 2229 und
1111 2194 1172 2229 bei
1197 2193 1387 2238 Apulejus,
1412 2194 1480 2228 hat
1503 2192 1591 2228 Tac.
1617 2193 1692 2227 etet
1715 2191 1755 2227 in

1011 2243 1083 2277 den
1106 2241 1293 2276 Annalen:
1322 2245 1353 2284 1,
1380 2244 1435 2275 65.
1461 2243 1496 2283 4,
1520 2242 1576 2275 48.

1058 2293 1091 2324 5.
1112 2289 1346 2332 vincentium,
1362 2287 1449 2323 weil
1460 2288 1637 2322 victorum
1649 2285 1754 2322 zwei-

1011 2335 1141 2380 deutig
1165 2338 1275 2380 ware,
1303 2336 1354 2370 ist
1379 2334 1659 2370 substantiviett
1681 2332 1753 2368 wie

1005 2384 1271 2428 praecipientes
1295 2382 1382 2418 dial.
1408 2384 1464 2416 28.
1509 2381 1755 2427 praesidentes

1010 2442 1094 2466 ann.
1109 2435 1142 2475 3,
1156 2434 1211 2465 40.
1237 2428 1380 2466 Livius:
1397 2429 1558 2474 leyentes,
1572 2427 1754 2471 bellantes,

1008 2478 1214 2520 condentes,
1239 2479 1449 2522 spectantes.

1056 2529 1089 2560 8.
1116 2528 1149 2559 ct
1165 2525 1258 2569 pilis
1277 2525 1341 2559 ott.
1361 2523 1431 2559 mit
1449 2523 1532 2558 dem
1551 2520 1752 2567 folgenden

1002 2575 1088 2617 post
1111 2573 1211 2607 steht
1236 2571 1292 2607 als
1312 2567 1620 2616 unregelmassige
1639 2568 1754 2604 Para-

1008 2622 1093 2654 taxe
1131 2619 1191 2654 fiir
1228 2622 1261 2654 et
1289 2622 1478 2663 postquam
1504 2616 1588 2661 pila
1618 2616 1753 2651 emisis-

1007 2670 1095 2702 sent.
1134 2666 1224 2702 Also
1239 2665 1437 2701 abundiert
1449 2665 1535 2709 post
1550 2663 1649 2698 nach
1669 2662 1755 2698 dem

1008 2713 1331 2759 Participialsatze
1343 2711 1415 2747 wie
1428 2711 1532 2746 sonet
1543 2709 1644 2745 wohl
1663 2713 1754 2754 twm,

1008 2773 1038 2796 z.
1058 2761 1097 2797 B.
1119 2760 1209 2797 Sall.
1230 2759 1307 2796 Cat.
1328 2763 1371 2794 61
1392 2758 1453 2793 sed
1470 2757 1628 2800 confecto
1645 2767 1752 2802 proe-

1009 2809 1059 2844 lio
1090 2812 1167 2844 tum
1196 2817 1278 2843 vero
1311 2814 1478 2841 cerneres.
1527 2803 1609 2842 Liv.
1641 2809 1674 2849 2,
1706 2807 1751 2840 29

1009 2859 1163 2901 utraque
1185 2865 1224 2890 re
1241 2854 1332 2889 satis
1349 2855 1497 2897 experta
1515 2854 1592 2888 tum
1611 2852 1752 2888 demum

1011 2903 1171 2938 consules
1196 2901 1259 2936 ctt.
1285 2899 1360 2935 und
1386 2899 1491 2935 efter.
