1820 3100
214 88 302 131 224
638 88 868 125 CORNELII
897 88 1058 125 TACITI
1081 88 1343 126 ANNALIUM

212 197 370 252 legatis
413 196 552 239 oravit
591 199 640 239 ut
681 197 874 252 exemplo
907 196 1037 239 Asiae
1076 196 1303 239 delubrum
1341 196 1517 240 Tiberio
1557 197 1772 254 matrique

212 257 301 298 eius
328 257 577 298 exstrueret.
628 270 713 310 qua
738 256 960 298 occasione
986 254 1156 310 Caesar,
1182 255 1351 298 validus
1383 256 1546 312 alioqui
1570 271 1773 312 spernen-

211 315 278 357 dis
297 315 534 358 honoribns
561 316 604 356 et
628 314 973 369 respondendum
998 316 1118 356 ratus
1145 314 1199 356 iis
1225 329 1408 369 quorum
1426 329 1598 358 rumore
1623 329 1774 372 argue·

165 384 185 416 5
211 374 339 416 batur
370 374 416 416 in
449 373 727 415 ambitionem
759 373 926 415 flexisse
936 406 947 428 ,
983 373 1162 415 huiusce
1194 373 1311 415 modi
1342 374 1582 416 orationem
1613 375 1772 430 coepit:

212 431 335 487 ‘seio,
366 435 512 488 patres
544 432 788 487 conscripti,
820 432 1109 474 constantiam
1134 447 1276 474 meam
1309 447 1334 474 a
1363 432 1579 488 plerisque
1611 432 1772 475 deside-

210 494 366 546 ratam,
410 491 522 546 quod
562 490 693 533 Asiae
737 490 984 533 civitatibus
1028 505 1166 558 nuper
1205 491 1319 533 idem
1363 491 1480 533 istud
1523 491 1772 546 petentibus

209 565 298 592 non
342 550 424 593 sim
466 550 727 592 adversatus.
802 562 903 604 ergo
941 551 984 590 et
1018 549 1173 602 prioris
1206 549 1368 592 silentii
1406 549 1699 592 defensionem
1729 552 1774 593 et

210 609 312 664 quid
342 609 387 650 in
418 608 609 651 futurum
643 607 886 661 statuerim,
918 607 1046 650 simul
1078 609 1280 662 aperiam.
1341 623 1438 650 cum
1471 608 1593 651 divus
1626 608 1773 664 Augu-

142 679 185 711 10
212 670 303 710 stus
345 667 428 709 sibi
472 669 600 722 atque
643 666 736 708 urbi
774 666 937 708 Romae
974 667 1186 721 templum
1225 667 1338 721 apud
1377 667 1636 734 Pergamum
1680 667 1776 710 sisti

210 741 297 768 non
340 725 650 780 prohibuisset,
695 725 768 780 qui
813 725 960 767 omnia
1001 725 1118 767 facta
1155 725 1353 781 dictaque
1397 726 1487 768 eius
1526 727 1618 769 vice
1661 726 1773 783 legis

213 784 457 836 observem,
506 784 712 838 placitum
756 783 844 825 iam
887 784 1129 838 exemplum
1166 784 1408 839 promptius
1454 787 1623 827 secutus
1667 800 1775 841 sum,

213 843 314 897 quia
355 843 487 885 cultui
526 857 622 885 meo
655 842 874 885 veneratio
913 845 1086 884 senatus
1118 842 1444 898 adiungebatur.
1505 846 1695 886 ceterum
1725 846 1774 886 ut

211 902 340 943 semel
385 901 598 956 recepisse
641 901 811 944 veniam
853 901 1073 956 habuerit,
1117 901 1178 943 ita
1223 916 1370 943 omnes
1411 916 1489 956 per
1531 902 1774 956 provincias

143 971 185 1004 15
213 961 356 1016 effigie
400 960 623 1002 numinum
663 958 825 1002 sacrari
862 960 1159 1014 ambitiosum,
1205 960 1453 1015 superbum3
1499 963 1542 1003 et
1573 963 1776 1004 vanescet

211 1019 403 1075 Augusti
433 1019 591 1074 honor,
625 1019 661 1061 si
692 1018 918 1073 promiscis
951 1019 1272 1061 adulationibus
1304 1019 1518 1074 vulgatur.

138 1078 193 1121 38
326 1078 422 1134 Ego
463 1093 548 1133 me,
591 1080 735 1132 patres
777 1077 1027 1132 conscripti,
1069 1078 1295 1119 mortalem
1336 1092 1428 1120 esse
1468 1080 1511 1120 et
1547 1077 1772 1121 hominum

209 1136 352 1179 officia
381 1137 504 1193 fungi
536 1137 726 1192 satisque
756 1135 932 1191 habere,
965 1136 1003 1178 si
1039 1137 1182 1179 locum
1213 1136 1450 1191 principem
1481 1137 1700 1193 impleam,
1730 1139 1775 1180 et

208 1210 286 1238 vos
329 1198 469 1238 testor
512 1198 555 1237 et
597 1195 844 1238 meminisse
886 1197 1086 1250 posteros
1126 1196 1246 1251 volo,
1290 1195 1364 1262 qui
1407 1196 1514 1238 satis
1559 1210 1771 1251 superque

208 1255 440 1297 memoriae
481 1269 600 1296 meae
641 1255 850 1309 tribuent,
893 1256 944 1296 ut
979 1254 1214 1297 maioribus
1248 1255 1354 1296 meis
1387 1255 1585 1310 dignum,
1627 1269 1772 1298 rerum

162 1324 182 1356 5
210 1316 449 1356 vestrarum
480 1312 721 1368 providum,
754 1315 1023 1355 constantem
1054 1313 1099 1354 in
1129 1313 1344 1368 periculis,
1376 1313 1661 1356 offensionum
1691 1328 1778 1370 pro-

207 1372 395 1415 utilitate
435 1372 608 1427 publica
644 1387 733 1414 non
770 1372 974 1427 pavidum
1012 1372 1199 1414 credant.
1259 1372 1366 1415 haec
1402 1372 1508 1414 mihi
1539 1372 1585 1414 in
1616 1372 1772 1416 animis

207 1432 361 1474 vestris
401 1432 578 1486 templa,
614 1430 695 1473 hae
738 1431 1052 1486 pulcherrimae
1091 1430 1253 1486 effigies
1286 1434 1329 1473 et
1370 1445 1610 1474 mansurae.
1669 1446 1771 1474 nam

208 1504 316 1544 quae
350 1505 454 1532 saxo
487 1492 730 1544 struuntur,
762 1490 799 1532 si
837 1490 1042 1531 iudicium
1073 1491 1344 1544 posterorum
1375 1490 1421 1531 in
1453 1490 1598 1532 odium
1628 1490 1770 1546 vertit,

206 1563 284 1603 pro
318 1548 555 1603 sepulchris
589 1550 862 1603 spernuntur.
923 1548 1103 1603 proinde
1135 1548 1273 1590 socios
1306 1548 1419 1590 cives
1446 1551 1490 1590 et
1520 1549 1621 1591 deos
1652 1550 1770 1604 ipsos

140 1618 184 1650 10
208 1621 379 1662 precor,
423 1607 503 1649 hos
544 1609 594 1648 ut
631 1606 737 1648 mihi
776 1607 829 1648 ad
866 1607 996 1648 finem
1033 1620 1169 1661 usque
1200 1607 1314 1648 vitae
1346 1607 1539 1662 quietam
1571 1611 1615 1648 et
1644 1607 1772 1649 intel-

207 1667 421 1722 legentem
468 1665 647 1707 humani
697 1665 914 1720 divinique
962 1665 1068 1706 iuris
1125 1668 1312 1706 mentem
1367 1665 1507 1720 duint,
1555 1666 1655 1708 illos
1710 1668 1771 1721 ut,

1415 1768 1562 1804 Ebenso
1588 1767 1663 1804 Cic.
1689 1768 1769 1804 Lm.

1682 1816 1770 1852 dili-

254 1769 317 1805 37.
338 1773 371 1804 2.
391 1769 514 1804 Asiae.
543 1768 651 1804 Nach
671 1780 727 1814 cp.
749 1772 793 1804 15
819 1769 951 1804 hatten

208 1816 268 1852 die
295 1817 452 1852 Asianer
475 1816 527 1851 im
557 1816 591 1851 J.
619 1820 663 1851 23
696 1815 860 1851 dieselbe
885 1815 951 1850 Er-

1025 1767 1178 1804 Tacitus
1205 1765 1269 1803 ἅπ.
1298 1767 1364 1813 εἰρ.

205 1862 353 1898 laubnis
385 1864 553 1906 erbeten,
580 1862 667 1897 weil
698 1861 758 1897 ihr
788 1862 951 1898 Prokou-

206 1910 264 1945 sul
309 1910 455 1945 Silanus
498 1921 629 1955 wegen
671 1909 951 1956 Erpressungen

204 1957 364 1993 bestraft
386 1969 472 1993 war.

253 2008 286 2040 6.
336 2016 361 2040 α
376 2005 557 2050 plerisque
575 2015 673 2049 „von
693 2003 779 2039 sehr
792 2002 950 2039 vielen“.

254 2055 309 2086 10.
359 2052 441 2087 sisti
463 2051 524 2086 fiir
547 2052 703 2095 exstrui,
729 2051 852 2094 condi,
878 2051 947 2085 wie

207 2102 262 2142 15,
290 2101 344 2133 18.
370 2098 457 2134 hist.
483 2102 523 2142 4,
549 2102 593 2134 53
624 2099 794 2143 templum
818 2098 948 2133 eisdem

204 2146 365 2190 vestigiis
383 2146 588 2191 ‚sisteretur
645 2145 699 2180 Ist
728 2144 946 2180 Taciteisch.

254 2195 308 2227 11.
377 2183 478 2227 Uber
514 2193 707 2237 prohibere
749 2193 819 2227 mit
861 2192 947 2227 dem

203 2238 336 2274 Aecus.
363 2249 392 2275 c.
418 2239 518 2275 infin.
546 2251 574 2274 s.
601 2250 646 2273 zu
673 2243 704 2283 1,
730 2243 786 2274 69.

254 2290 308 2321 12.
353 2286 535 2330 placitam
560 2285 630 2321 wie
655 2290 687 2330 2,
715 2290 759 2321 66
785 2286 947 2330 placitas

202 2333 307 2368 semel
331 2335 436 2368 artes.

253 2383 308 2415 15.
381 2390 567 2415 vanescere
611 2380 705 2414 statt
747 2389 951 2414 evanescere

203 2439 273 2461 nur
305 2425 359 2461 im
393 2425 579 2462 silbernen
609 2425 744 2461 Latein
775 2426 852 2460 und
889 2426 950 2461 bei

205 2473 393 2509 Dichtern.

253 2520 317 2556 38.
350 2523 382 2555 2.
419 2520 530 2566 funyi
549 2519 619 2555 mit
645 2520 726 2555 dem
748 2519 948 2554 Accusativ

205 2566 256 2602 ist
292 2578 372 2603 vor·
409 2567 485 2602 und
527 2566 807 2611 nachklasssth,
852 2566 948 2601 auch

207 2618 240 2657 3,
267 2617 298 2649 2.
326 2635 371 2640 -
396 2608 497 2649 Uber
516 2615 609 2650 satis
633 2614 761 2650 habere
785 2613 855 2648 mit
878 2612 949 2648 fol-

207 2661 365 2705 gendem
383 2660 702 2707 Bedjngungssatz
733 2672 760 2695 s.
787 2671 831 2695 zu
850 2664 883 2704 2,
903 2663 948 2695 37

207 2709 298 2743 satis
321 2709 495 2744 habebam
519 2709 552 2744 si
576 2728 621 2733 —
645 2709 776 2752 forent.

254 2759 287 2791 4.
325 2759 367 2791 at
379 2756 579 2791 maioribus
593 2775 637 2781 —-
655 2755 805 2791 credant
817 2765 950 2800 „wenn

209 2800 261 2835 sie
286 2802 483 2846 glauben⁴‘,
504 2801 707 2847 eigentlich
726 2803 859 2846 „unter
884 2801 949 2836 der

207 2847 427 2894 Bedingung
453 2849 532 2884 dass
565 2849 618 2884 sie
649 2848 856 2894 glauben“,
888 2848 949 2884 bei

1026 1818 1069 1850 15
1095 1816 1177 1860 quis
1202 1818 1252 1850 est
1276 1816 1340 1861 qui
1365 1816 1460 1859 velit,
1486 1819 1528 1851 ut
1545 1826 1658 1862 neque

1022 1866 1087 1908 ραι
1111 1873 1323 1908 quemquam
1355 1873 1419 1898 nec
1453 1863 1499 1898 ab
1529 1863 1604 1899 allo
1636 1863 1769 1910 diliga-

1023 1913 1103 1954 tur,
1139 1910 1385 1954 circumfluere
1422 1910 1589 1946 omnibus
1625 1909 1767 1956 copiis?

1022 1937 1201 2002 Hatifiger
1219 1957 1321 1992 steht
1339 1956 1446 1992 dafur
1465 1956 1526 1992 bei
1546 1955 1675 1993 Cicero
1693 1957 1770 1993 und

1023 2003 1149 2039 Livius
1173 2004 1229 2038 ita
1252 2007 1294 2039 ut
1319 2004 1427 2049 (statt
1450 2004 1506 2039 ita
1523 2004 1581 2048 si).
1625 2004 1768 2040 Andors

1019 2050 1068 2085 ist
1103 2050 1169 2085 das
1214 2051 1503 2096 hypothetische
1544 2055 1588 2087 at
1630 2061 1768 2097 „wenn

1020 2098 1132 2132 auch‘
1125 2098 1145 2116 ‘⁴
1170 2096 1221 2132 im
1249 2096 1506 2133 Vordersatze.

1068 2147 1100 2180 5.
1156 2145 1337 2189 providas
1375 2144 1446 2180 mit
1487 2144 1572 2180 dem
1609 2143 1768 2180 Genetiv

1019 2192 1115 2226 auch
1140 2194 1180 2236 4,
1205 2194 1251 2226 46
1283 2191 1358 2226 und
1389 2192 1505 2227 echon
1536 2190 1599 2227 bei
1624 2190 1765 2227 Cicero.

1018 2237 1166 2274 Ebenso
1197 2237 1427 2273 konstruiert
1451 2237 1603 2274 Tacitus
1628 2239 1765 2284 impro-

1020 2286 1140 2328 vidus,
1159 2286 1334 2330 prudens,
1359 2285 1558 2330 praescius.

1071 2336 1102 2367 6.
1146 2333 1310 2376 pavidus
1334 2331 1404 2367 mit
1427 2332 1511 2368 dem
1535 2331 1694 2368 Genetiv
1716 2332 1768 2369 ist

1023 2379 1105 2414 eine
1148 2379 1420 2414 Konstruktion
1469 2380 1535 2415 der
1579 2378 1767 2416 silbernen

1022 2424 1230 2468 Latinitat3
1256 2426 1351 2461 auch
1375 2425 1605 2470 hist.5,14.

1070 2476 1102 2507 9.
1152 2476 1185 2508 et
1209 2453 1301 2509 deos.
1357 2465 1457 2509 Uber
1487 2476 1520 2508 et
1550 2473 1606 2508 als
1631 2472 1764 2511 dritten

1022 2518 1212 2564 Satzglied
1238 2531 1264 2556 8.
1291 2519 1389 2555 Ε1111.
1415 2523 1444 2562 ἓ.
1472 2523 1528 2555 61.

1071 2569 1124 2601 10.
1168 2566 1376 2610 intellegens
1393 2566 1464 2601 mit
1487 2566 1571 2601 dem
1591 2564 1762 2612 Genetiv,

1021 2612 1091 2647 wie
1126 2615 1165 2656 5,
1201 2617 1234 2648 9.
1271 2616 1332 2658 12,
1359 2616 1404 2648 26
1442 2612 1518 2648 und
1552 2613 1667 2649 8011011
1703 2614 1766 2650 bei
1813 2612 1820 2649 ἰ

1022 2658 1161 2695 Cicero.

1071 2709 1126 2741 11.
1175 2706 1300 2749 duint,
1325 2704 1537 2749 archaisch,
1562 2705 1668 2742 nicht
1692 2718 1764 2743 nur
1806 2704 1820 2742 Ξ

1019 2751 1082 2788 bei
1112 2752 1257 2798 Livius,
1294 2752 1453 2788 sondern
1490 2754 1586 2788 auch
1617 2752 1691 2789 Cic.
1723 2753 1764 2789 in
1807 2750 1820 2798 3⁴-

1021 2799 1130 2835 Catil.
1157 2803 1189 2843 1,
1216 2803 1236 2834 9
1261 2800 1404 2835 utinam
1434 2799 1504 2835 tibi
1534 2800 1643 2836 istam
1666 2811 1764 2837 men-
1800 2802 1807 2809 “

1020 2850 1088 2883 tem
1112 2847 1154 2882 di
1175 2847 1392 2883 immortales
1415 2846 1544 2882 duint!
