1786 3120
584 124 728 161 LIBER
752 124 850 161 XIII.
895 123 997 161 CAP.
1024 128 1176 161 44—47.

1572 123 1657 167 113

88 240 132 280 et
176 235 276 292 quia
317 234 679 292 flagrantissimus
722 234 769 275 in
814 231 1003 275 amicitia
1043 230 1230 274 Neronis
1273 224 1534 275 habebatur:
1577 248 1656 277 nec

89 310 212 339 mora
243 295 348 351 quin
380 294 591 337 adulterio
622 291 946 335 matrimonium
977 290 1239 347 iungeretur.

207 353 322 397 Otho
361 354 451 397 sive
483 366 627 395 amore
657 351 856 394 incautus
887 350 1063 392 laudare
1095 350 1281 392 formam
1312 350 1658 406 elegantiamque
1671 353 1728 395 46

87 414 236 458 uxoris
268 413 382 470 apud
411 412 662 469 principem,
693 411 781 453 sive
813 412 861 452 ut
889 409 1137 452 accenderet
1162 424 1224 465 ac,
1256 410 1293 452 si
1322 409 1471 452 eadem
1498 409 1659 452 femina

87 475 358 530 poterentur,
394 471 438 514 id
481 484 649 527 quoque
680 470 897 513 vinculum
927 469 1168 525 potentiam
1199 469 1238 511 ei
1271 469 1469 512 adiceret.
1530 484 1661 525 saepe

93 533 266 576 auditus
301 534 367 574 est
399 543 661 586 consurgens
694 543 716 571 e
748 529 944 572 convivio
978 527 1195 584 Caesaris,
1232 543 1277 571 se
1309 528 1480 584 quidem
1511 528 1574 571 ire
1606 529 1661 571 ad

88 592 223 647 illam,
251 591 334 634 sibi
353 604 602 633 concessam
621 589 826 631 dictitans
846 588 1129 643 nobilitatem,
1154 588 1533 644 pulchritudinem,
1557 590 1665 631 votav
1686 601 1708 632 5

90 651 282 695 omnium
314 651 358 692 et
388 648 544 705 gaudia
568 648 769 691 felicium.
817 648 886 690 his
914 649 1042 703 atque
1067 648 1228 690 talibus
1254 647 1544 690 inritamentis
1570 662 1661 690 non

88 711 221 766 longa
252 709 471 752 cunctatio
502 708 806 763 interponitur.
870 707 943 750 sed
982 709 1157 762 accepto
1190 707 1310 749 aditu
1340 706 1544 763 Poppaea
1575 707 1662 762 pri-

90 784 209 811 mum
241 783 316 824 per
346 768 642 811 blandimenta
674 770 718 810 et
751 768 866 809 artes
897 767 1125 822 valescere,
1156 766 1366 822 imparem
1399 766 1591 822 cupidini
1616 781 1662 809 se

89 831 133 871 et
174 828 315 871 forma
351 827 538 871 Neronis
580 829 752 882 captam
795 826 1022 881 simulans3
1066 840 1166 868 mox
1204 826 1291 868 acri
1329 826 1417 868 iam
1454 826 1662 882 principis

90 888 235 931 amore
267 887 320 929 ad
353 887 597 942 superbiam
622 888 806 941 vertens,
840 886 877 928 si
903 886 1018 928 ultra
1042 900 1172 927 unam
1199 886 1465 941 alteramque
1489 887 1663 927 noctem
1689 897 1734 930 10

89 947 362 1001 attineretur,
398 948 581 1002 nuptam
618 960 710 988 esse
750 959 794 988 se
831 945 1032 987 dictitans
1063 959 1143 987 nec
1174 959 1302 1000 posse
1334 944 1660 987 matrimonium

89 1006 300 1061 amittere,
331 1005 573 1048 devinctam
604 1004 768 1048 Othoni
798 1019 875 1060 per
906 1017 1041 1060 genus
1072 1003 1198 1059 vitae,
1232 1003 1346 1059 quod
1375 1018 1503 1046 nemo
1535 1004 1660 1046 adae-

91 1068 260 1121 quaret:
298 1065 422 1107 illum
461 1064 603 1107 animo
643 1066 686 1106 et
723 1063 842 1106 cultu
873 1063 1168 1119 magnificum,
1204 1063 1267 1105 ibi
1299 1077 1343 1106 se
1376 1078 1544 1106 summa
1573 1063 1662 1106 for-

92 1128 198 1167 tuna
230 1124 362 1181 digna
392 1124 548 1179 visere3
580 1126 626 1165 at
655 1122 890 1178 Neronem,
920 1123 1082 1177 paelice
1114 1122 1271 1165 ancilla
1302 1125 1346 1164 et
1377 1122 1658 1165 adsuetudine

91 1183 222 1226 Actes
262 1184 523 1238 devinctum,
559 1182 669 1224 nihil
701 1197 723 1225 e
756 1181 1036 1225 contubernio
1069 1182 1214 1224 servili
1245 1182 1332 1224 nisi
1364 1182 1581 1225 abiectum
1613 1184 1657 1225 et
1686 1195 1729 1226 15

91 1243 311 1286 sordidum
340 1243 533 1285 traxisse.
587 1241 769 1284 deicitur
799 1241 1092 1284 familiaritate
1126 1243 1258 1297 sueta,
1288 1243 1391 1296 post
1422 1255 1658 1297 congressu

90 1305 135 1344 et
173 1302 382 1346 comitatu
420 1301 552 1357 Otho,
597 1303 640 1343 et
677 1301 728 1343 ad
768 1303 1054 1357 postremum,
1096 1315 1151 1343 ne
1188 1301 1236 1342 in
1272 1301 1377 1342 urbe
1415 1301 1660 1343 aemulatus

92 1363 257 1418 ageret,
293 1361 542 1416 provinciae
572 1360 823 1403 Lusitaniae
857 1360 1122 1416 praeficitur3
1161 1360 1237 1402 ubi
1267 1374 1402 1415 usque
1436 1360 1490 1403 ad
1521 1361 1664 1403 civilia

94 1435 215 1463 arma
244 1435 334 1463 non
364 1434 416 1462 ex
445 1420 588 1476 priore
612 1419 792 1462 infamia
817 1420 891 1462 sed
915 1419 1084 1475 integre
1112 1422 1342 1475 sancteque
1368 1419 1471 1475 egit,
1501 1434 1663 1475 procax

94 1480 173 1522 otii
205 1482 249 1522 et
279 1480 508 1535 potestatis
539 1479 863 1535 temperantior.

214 1538 434 1587 Hactenus
466 1537 582 1581 Nero
612 1539 790 1595 flagitiis
822 1541 866 1581 et
898 1538 1128 1581 sceleribus
1160 1538 1405 1580 velamenta
1436 1539 1661 1594 quaesivit.
1675 1542 1733 1583 47

93 1599 369 1654 suspectabat
406 1599 590 1640 maxime
622 1597 871 1641 Cornelium
903 1596 1084 1653 Sullam,
1123 1612 1269 1640 socors
1306 1597 1530 1654 ingenium
1569 1598 1662 1641 eius

94 1773 164 1819 Kp.
193 1777 236 1809 12
268 1773 324 1810 als
348 1774 549 1810 Mitwisser
573 1774 639 1810 des
664 1774 840 1810 Verbalt-

94 1821 212 1857 nisses
238 1820 422 1857 zwischeu
440 1821 539 1857 Nero
564 1822 640 1857 und
663 1822 728 1857 der
746 1822 840 1857 Acte

93 1869 274 1904 erwahnt.

145 1920 199 1952 17.
249 1917 577 1961 flayrantissimu&
621 1916 702 1952 eine
745 1927 840 1952 neue

95 1963 301 2009 Metapher.
341 1963 378 1999 S.
404 1975 449 1998 zu
478 1968 532 2009 11,
559 1967 603 1999 29
629 1964 842 2008 flaqrantis-

94 2011 190 2046 sima
212 2011 347 2056 qratia.

146 2061 200 2093 18.
256 2058 539 2094 matrimonium.
589 2057 841 2094 Abweichend

96 2104 253 2141 hiervon
278 2106 363 2150 sagt
382 2105 469 2141 Tac.
494 2105 581 2141 hist.
605 2110 635 2150 1,
658 2109 718 2141 13:
745 2105 838 2150 Pop-

90 2163 225 2198 paeam
258 2152 455 2197 Sabinam,
492 2153 705 2198 principale
746 2163 840 2188 scor-

96 2203 191 2244 tum,
226 2203 268 2235 ut
298 2201 400 2246 apud
430 2201 613 2236 conscium
644 2201 841 2236 libidinum

95 2248 320 2293 deposuerat.
370 2247 478 2283 Danu
510 2249 587 2283 erst
617 2248 713 2283 habe
739 2247 839 2284 Nero

97 2294 169 2330 den
208 2294 306 2330 Otho
351 2305 416 2330 aus
453 2295 664 2331 Eifersucht
699 2296 839 2341 fortge·

96 2341 252 2378 schickt.

144 2435 208 2472 46.
236 2440 269 2471 6.
293 2437 434 2482 yaudia
457 2437 509 2472 im
527 2437 665 2483 Plural‚
692 2437 762 2474 wie
784 2441 838 2482 14,

98 2485 121 2518 4
150 2483 227 2519 und
256 2484 296 2519 in
327 2484 426 2520 allen
459 2483 671 2520 Zeitaltem.
705 2506 749 2511 —
781 2486 840 2521 in-

97 2531 303 2567 ritamentis
332 2531 382 2567 ist
406 2530 530 2567 Dativ.
557 2552 602 2557 —
626 2543 701 2568 non
731 2534 840 2579 lonya

99 2579 282 2614 cunetatio
313 2580 378 2614 ctt.
428 2579 503 2614 Der
533 2578 624 2614 Sina
654 2580 720 2615 ist:
753 2581 839 2616 zwi-

101 2625 213 2661 schen
224 2626 351 2662 diesen
365 2627 486 2662 ersten
495 2625 754 2673 Anreizungen
762 2628 840 2663 und

100 2671 230 2718 denen,
256 2673 315 2709 die
334 2674 462 2719 folgen
482 2673 627 2719 sollten,
650 2673 734 2709 liers
752 2686 840 2711 man

100 2719 182 2755 eine
200 2720 312 2756 kurze
331 2721 449 2757 Panse
469 2721 664 2765 eintreten,
687 2733 750 2756 um
769 2723 842 2758 den

99 2766 200 2802 Nero
229 2767 335 2804 desto
365 2767 576 2814 begieriger
603 2779 648 2803 zu
673 2770 841 2806 macheu.

148 2818 181 2849 8.
199 2815 384 2861 imparem.
423 2816 483 2852 sie
503 2816 640 2862 drangt
658 2816 737 2851 sich
757 2817 842 2852 dem

100 2858 233 2914 Kaiser
262 2862 330 2898 auf
349 2863 425 2898 und
449 2863 596 2910 fingiert
621 2863 703 2899 eine
727 2864 842 2900 unbe-

102 2909 322 2954 zwmgliche
346 2910 460 2947 Liebe
487 2923 530 2946 zu
554 2911 643 2946 ihm.

176 2974 248 3001 Tae.
268 2974 379 3002 Annal.
399 2978 441 3003 11.

967 1777 1022 1810 14.
1042 1774 1184 1819 paelice
1209 1774 1347 1809 ancilla
1372 1777 1405 1810 et
1424 1774 1666 1811 adsuetudine

915 1821 1023 1857 Actes
1063 1821 1114 1856 ist
1149 1820 1366 1866 Hendiadys
1404 1834 1468 1856 zur
1505 1822 1667 1858 Her-vor-

913 1869 1066 1914 hebung
1091 1868 1156 1903 der
1179 1868 1371 1904 einzelnen
1384 1868 1579 1908 ,Momente
1599 1869 1666 1905 des

916 1915 1138 1952 Vorwurfes.

965 1967 1019 1999 15.
1056 1963 1332 1998 contubernium
1363 1962 1457 1998 hiess
1483 1963 1549 1999 clas
1575 1963 1664 1999 ehe-

915 2010 1013 2046 liche
1046 2009 1261 2045 Verbaltnis
1292 2010 1357 2045 der
1387 2009 1567 2055 Sklaven,
1601 2010 1663 2047 die

918 2057 1006 2093 kein
1055 2057 1344 2103 rechtsgffltiges
1389 2059 1664 2095 matrimonium

917 2104 1116 2141 schliel'sen
1141 2104 1317 2142 konnten.

961 2156 1016 2188 17.
1054 2153 1258 2188 aemulatus
1294 2153 1392 2187 auch
1428 2152 1515 2189 hist.
1549 2157 1582 2198 3,
1619 2158 1665 2190 66

913 2200 1089 2236 exstincto
1114 2200 1308 2236 aemulatu.
1350 2198 1439 2245 Agr.
1466 2203 1530 2245 463
1557 2203 1666 2237 sonet

915 2247 979 2284 bei
1002 2247 1150 2282 keinem
1177 2246 1456 2284 Schriftsteller.

963 2299 1017 2331 19.
1040 2305 1182 2339 procax
1206 2294 1277 2330 mit
1301 2294 1386 2330 dem
1407 2295 1497 2331 Gen.
1523 2295 1573 2331 ist
1594 2292 1662 2331 ἅπ.

917 2341 982 2388 elo.
1035 2341 1146 2378 Sonst
1178 2343 1274 2378 setzt
1302 2353 1340 2378 es
1367 2342 1452 2379 Tac.
1479 2342 1551 2379 mit
1576 2343 1662 2379 dem

912 2389 1077 2426 Ablativ.

959 2441 1018 2473 20.
1046 2441 1248 2482 temperans
1273 2437 1342 2472 mit
1367 2436 1452 2472 dem
1472 2437 1562 2472 Gen.
1590 2437 1659 2472 fin-

914 2485 979 2521 det
1005 2484 1084 2520 sich
1110 2484 1206 2519 auch
1231 2484 1293 2519 bei
1310 2484 1451 2520 Terenz
1476 2485 1552 2519 und
1572 2485 1660 2520 dem

906 2532 1092 2578 jungeren
1117 2531 1271 2567 Plinius.

960 2626 1023 2662 47.
1058 2630 1088 2662 1.
1116 2626 1352 2661 velamentum
1383 2625 1422 2660 in
1452 2626 1663 2672 tropischer

912 2674 1134 2719 Bedeutung
1158 2673 1276 2709 findet
1300 2673 1380 2708 sich
1400 2675 1475 2709 erst
1493 2674 1555 2710 bei
1575 2674 1660 2711 8011.

913 2721 979 2757 vit.
1006 2722 1104 2757 beat.
1132 2724 1188 2764 12,
1213 2724 1235 2755 4
1260 2724 1470 2766 quaerentes
1495 2722 1661 2758 libidini-

914 2770 981 2805 bus
992 2770 1070 2804 suis
1077 2768 1327 2814 patrocinium
1342 2768 1491 2813 aliquod
1504 2780 1548 2805 ae
1566 2770 1662 2805 vela·

913 2820 1080 2852 mentum.
1114 2815 1156 2850 In
1176 2814 1422 2860 eigentlicher
1441 2815 1667 2863 Bedeut-ung

914 2865 1036 2899 zuerst
1060 2863 1120 2899 bei
1146 2861 1242 2898 Ovid
1267 2862 1343 2898 und
1370 2861 1508 2899 Celsus.

963 2915 994 2946 5.
1021 2902 1121 2947 Uber
1144 2913 1347 2955 suspectare
1372 2922 1400 2946 s.
1427 2923 1471 2947 zu
1499 2915 1554 2956 12,
1581 2915 1639 2948 65.

1363 2973 1384 3005 8

1688 1492 1736 1524 20
