1794 3126
565 110 713 147 LIBER
735 110 814 147 XV.
859 109 963 146 CAP.
988 114 1094 146 3—6.

1533 109 1616 153 173

168 219 355 264 Corbulo
380 223 540 275 tamen,
565 219 762 275 quamvis
789 218 988 261 secundis
1013 219 1141 261 rebus
1168 218 1275 274 suis,
1308 218 1660 264 moderandum5

48 281 250 324 fortunae
280 283 400 323 ratus
432 280 551 322 misit
581 279 634 321 ad
662 277 908 333 Vologesen
939 277 1013 332 qui
1043 277 1373 333 expostularent
1402 277 1490 320 vim
1520 292 1617 333 pro-

49 340 217 384 vinciae
247 340 447 383 inlatam:
479 339 642 382 socium
673 337 942 392 amicumque
973 350 1138 393 regem,
1169 336 1367 380 cohortes
1396 335 1618 379 Romanas

50 399 353 443 circumsideri.
416 399 636 442 omitteret
670 396 816 451 potius
848 396 1137 451 obsidionem,
1175 398 1251 438 aut
1281 410 1326 438 se
1364 411 1536 452 quoque
1572 396 1619 438 in

49 473 156 515 agro
187 459 335 502 hostili
365 460 508 501 castra
543 455 796 512 positurum.
859 454 1089 510 Casperius
1121 456 1317 498 centurio
1354 455 1399 498 in
1426 470 1522 498 eam
1560 456 1618 498 le·
1637 470 1666 501 ,5

49 519 272 575 gationem
309 517 499 561 delectus
537 515 652 570 apud
688 514 894 570 oppidum
924 514 1117 570 Nisibin,
1154 517 1321 570 septem
1359 516 1403 557 et
1438 514 1620 571 triginta

50 578 226 620 milibus
269 591 473 633 passuum
518 591 544 618 a
587 575 893 630 Tigranocerta
936 574 1186 629 distantem,
1236 574 1345 616 adiit
1385 588 1532 630 regem
1576 576 1620 617 et

50 637 256 680 mandata
295 636 499 679 ferociter
529 634 675 677 edidit.
734 633 942 690 Vologesi
979 636 1104 676 vetus
1141 636 1185 676 et
1228 633 1400 689 penitus
1440 634 1620 676 infixum

50 699 145 739 erat
175 710 295 738 arma
324 695 524 738 Romana
553 693 736 748 vitandi,
773 708 853 737 nec
891 693 1139 748 praesentia
1173 707 1378 749 prospere
1415 693 1620 735 fluebant.

49 756 228 798 inritum
261 754 494 810 obsidium,
530 755 650 796 tutus
682 767 814 795 manu
852 755 895 795 et
931 753 1066 808 copiis
1099 752 1327 809 Tigranes,
1368 752 1510 809 fugati
1546 752 1620 808 qui
1648 768 1692 800 10

49 815 414 871 expugnationem
446 815 740 869 sumpserant,
777 812 935 855 missae
966 812 1012 854 in
1042 811 1296 854 Armeniam
1325 812 1536 868 legiones,
1577 814 1621 854 et

50 875 161 916 aliae
187 888 265 929 pro
288 873 413 916 Suria
431 876 612 928 paratae
630 873 744 914 ultro
764 871 1028 927 inrumpere3
1055 871 1139 914 sibi
1163 871 1413 915 inbecillum
1433 871 1621 927 equitem

50 933 202 989 pabuli
231 934 396 989 inopia:
426 948 529 975 nam
560 933 710 975 exorta
740 931 805 973 vis
835 932 1102 974 locustarum
1133 931 1382 973 ambederat
1412 929 1622 986 quidquid

52 993 281 1035 herbidum
313 995 390 1035 aut
419 991 685 1035 frondosum.
728 990 864 1046 igitur
887 992 1006 1033 metu
1033 991 1235 1033 abstruso
1264 990 1440 1033 mitiora
1470 990 1622 1033 obten-

50 1052 179 1107 dens,
215 1052 446 1094 missurum
478 1051 532 1094 ad
567 1051 873 1105 imperatorem
903 1049 1148 1092 Romanum
1184 1051 1354 1105 legatos
1387 1064 1514 1106 super
1550 1063 1623 1104 pe·
1651 1065 1693 1098 15

49 1111 183 1154 tenda
207 1111 415 1154 Armenia
440 1113 484 1153 et
508 1110 721 1152 firmanda
745 1124 851 1165 pace
876 1109 1119 1165 respondet.
1163 1109 1397 1152 Monaesen
1423 1109 1623 1152 omittere

53 1170 413 1227 Tigranocertam
442 1170 580 1225 iubet,
610 1169 702 1224 ipse
733 1171 849 1212 retro
882 1169 1090 1211 concedit.

170 1229 290 1272 Haec
326 1230 470 1285 plures
507 1231 557 1271 ut
594 1228 823 1271 formidine
861 1228 976 1284 regis
1010 1230 1053 1270 et
1084 1226 1343 1271 Corbulonis
1380 1228 1510 1270 minis
1547 1242 1621 1283 pa·
1637 1234 1664 1277 6

52 1291 170 1332 trata
212 1304 262 1332 ae
304 1289 535 1345 magnifica
578 1288 862 1343 extollebant,
903 1288 977 1330 alii
1021 1287 1186 1330 occulte
1228 1287 1446 1343 pepigisse
1490 1287 1625 1329 inter-

50 1349 353 1404 pretabantur,
394 1350 444 1390 ut
483 1348 643 1391 omisso
684 1348 900 1403 utrimque
943 1347 1057 1389 bello
1097 1349 1141 1389 et
1181 1347 1367 1389 abeunte
1404 1346 1624 1403 Vologese

51 1407 264 1463 Tigranes
298 1422 466 1464 quoque
492 1407 698 1450 Armenia
724 1407 984 1449 abscederet.
1028 1421 1102 1448 cur
1134 1407 1246 1448 enim
1278 1406 1514 1449 exercitum
1538 1405 1624 1449 Ro-

52 1482 230 1510 manum
255 1482 280 1509 a
305 1467 628 1523 Tigranocertis
655 1466 910 1509 deductum?
958 1480 1032 1508 cur
1058 1466 1226 1508 deserta
1249 1480 1327 1521 per
1352 1466 1488 1508 otium
1514 1480 1624 1521 quae

52 1527 167 1569 bello
200 1525 508 1569 defenderant?
560 1541 614 1568 an
645 1526 799 1567 melius
830 1525 1130 1568 hibernavisse
1161 1526 1208 1567 in
1239 1527 1430 1568 extrema
1456 1524 1624 1580 Cappa·

0 1594 6 1595 ⁷
51 1586 193 1641 decia,
232 1586 391 1641 raptim
423 1586 576 1628 erectis
613 1585 816 1641 tuguriis,
855 1600 983 1641 quam
1022 1585 1069 1627 in
1107 1585 1204 1627 sede
1235 1586 1359 1640 regni
1391 1584 1519 1627 modo
1558 1599 1624 1626 re-

51 1645 195 1688 tenti?
227 1645 360 1687 dilata
390 1659 567 1700 prorsus
600 1659 738 1700 arma,
770 1646 818 1686 ut
847 1643 1087 1700 Vologeses
1119 1659 1216 1687 cum
1248 1644 1333 1687 alio
1367 1659 1495 1700 quam
1527 1658 1625 1686 cum

53 1702 298 1748 Corbulone
323 1706 520 1759 certaret,
552 1702 740 1747 Corbulo
766 1704 943 1746 meritae
974 1706 1043 1747 tot
1073 1719 1150 1759 per
1176 1718 1311 1746 annos
1344 1704 1510 1759 gloriae
1534 1717 1625 1746 non

99 1845 139 1881 5.
164 1848 198 1880 4.
224 1848 308 1889 aut,
340 1843 534 1880 Parataxis
559 1844 652 1879 statt
676 1844 802 1889 Hypo-

51 1892 169 1937 taxis,
200 1891 259 1927 fur
282 1893 359 1928 nisi
382 1893 574 1935 omitteret,
605 1902 641 1926 se
665 1902 826 1937 quoque·

11 1959 15 1963 -
53 1941 120 1976 ctt.
165 1939 250 1985 Vgl.
278 1943 334 1984 13,
361 1943 405 1974 21
431 1942 498 1975 aut
522 1939 665 1975 existat.

103 1990 136 2023 5.
163 1986 361 2033 Casperius
385 1987 435 2023 ist
459 1985 573 2022 sehon
599 1989 655 2030 12,
676 1989 721 2021 45
749 1997 803 2021 er-

55 2035 194 2070 wahnt.

103 2086 135 2118 6.
162 2081 303 2118 Nisibis
328 2082 394 2128 lag
413 2081 560 2117 sfidlich
579 2092 654 2117 von
674 2080 804 2127 Tigra—

54 2130 224 2176 nocerta,
261 2129 302 2165 in
340 2129 407 2165 der
436 2129 667 2165 Landschaft
697 2129 803 2174 Myg-

53 2176 177 2213 donia.

39 2239 42 2241 ψ
103 2228 137 2260 9.
162 2215 263 2260 Uber
287 2224 360 2260 den
386 2224 623 2269 elliptischen
647 2223 804 2259 Genetiv

54 2272 202 2308 vitandi
236 2283 264 2308 s.
291 2284 337 2306 zu
364 2275 419 2316 13,
445 2275 491 2308 26
516 2272 714 2308 retinendi..
749 2274 804 2316 15,

57 2323 115 2355 21.
155 2339 199 2345 —
237 2319 416 2364 fluebant,
440 2318 512 2354 wie
537 2318 626 2355 dial.
653 2322 674 2354 5
699 2319 806 2354 rebus

54 2377 224 2412 prospere
242 2366 449 2411 fluentibus.
474 2365 560 2402 hist.
583 2370 616 2412 3,
630 2370 675 2402 48
698 2376 805 2402 cune-

55 2414 105 2449 tis
134 2424 243 2459 super
272 2417 357 2449 vota
388 2414 592 2457 fluentibus.
630 2412 804 2449 Dieselbe

56 2460 255 2507 Metapher
274 2460 335 2496 bei
355 2460 428 2496 Cic.
451 2460 510 2497 off.
529 2465 560 2505 1,
575 2465 620 2497 26
639 2461 682 2497 in
699 2461 806 2496 rebus

51 2508 241 2555 prosperis
265 2511 298 2544 et
322 2508 372 2544 ad
395 2508 615 2545 volwntatem
642 2512 806 2545 nostrwm

57 2557 265 2602 fluentibus.

105 2607 160 2639 10.
187 2614 321 2640 manus
338 2606 372 2639 et
392 2603 517 2648 copiae
537 2603 711 2648 Truppen
730 2603 806 2639 und

60 2650 230 2687 Vorrate.

112 2702 168 2734 11.
194 2701 423 2744 sumpserant
448 2698 542 2733 statt
564 2700 806 2742 susceperant.

63 2744 112 2781 So
150 2747 236 2792 sagt
272 2745 443 2781 Tacitus:
486 2755 624 2780 sumere
666 2745 808 2789 bellum,

60 2793 583 2840 proelium,„coniurationem,
605 2792 809 2837 periculum

62 2850 106 2922 111¹..
124 2840 200 2894 dgl.
249 2840 451 2877 Ahnliches
483 2839 543 2876 bei
569 2839 710 2876 Sallust
733 2839 809 2875 und

95 2898 202 2924 lvlus.

926 1848 980 1879 12.
1001 1855 1073 1890 pro
1099 1855 1236 1888 „vorne
1261 1844 1323 1879 in“
1357 1843 1391 1880 d.
1417 1844 1453 1879 h.
1487 1854 1537 1879 an
1562 1844 1626 1879 der

877 1891 1029 1936 Grenze,
1049 1891 1118 1927 wie
1139 1891 1210 1937 ΚΡ.
1225 1895 1246 1926 3
1261 1902 1334 1937 pro
1345 1892 1442 1936 ripa.
1459 1911 1504 1917 —
1525 1883 1626 1927 Uber

876 1939 935 1974 die
966 1939 1200 1984 Auslassung
1234 1939 1299 1974 des
1331 1939 1442 1974 Verb.
1478 1938 1626 1976 dicendi

875 1985 938 2022 bei
961 1987 1033 2022 sibi
1057 1987 1267 2022 inbecillum
1292 1998 1319 2022 s.
1343 1985 1441 2021 Einl.
1468 1990 1498 2029 §-
1520 1991 1576 2023 21.

926 2050 981 2082 13.
1013 2046 1215 2089 ambedere,
1245 2045 1307 2081 bei
1333 2045 1421 2081 Tac.
1449 2041 1515 2083 ἅπ.
1544 2045 1624 2091 εἰει,

878 2094 980 2129 sonst
1028 2105 1099 2129 nur
1142 2093 1403 2139 archaistiseh,
1453 2094 1625 2140 poetisch

876 2141 952 2176 und
977 2142 1072 2187 spat.

926 2204 982 2236 14.
1007 2201 1185 2237 abstruso.
1224 2200 1310 2246 Vgl.
1337 2205 1370 2246 3,
1397 2205 1418 2236 6
1447 2202 1624 2237 abstruse-

876 2249 955 2284 rint
978 2249 1179 2284 tristitiam.

928 2311 981 2343 15.
1007 2319 1118 2354 super
1138 2308 1231 2343 statt
1255 2308 1308 2344 de.
1341 2307 1377 2345 S.
1397 2307 1492 2344 Einl.
1514 2311 1545 2352 ἓ.
1567 2311 1624 2344 55.

924 2401 964 2439 6.
997 2406 1029 2438 4.
1063 2402 1244 2447 Tigranes
1274 2403 1379 2438 ward
1409 2403 1517 2438 nicht
1540 2403 1625 2438 wie-

878 2449 943 2485 der
962 2449 1028 2485 auf
1045 2450 1117 2484 den
1135 2449 1261 2486 Thron
1288 2451 1443 2496 gesetzt.
1477 2449 1626 2485 Seinem

879 2497 981 2533 Sohn
1001 2497 1210 2533 Alexander
1229 2498 1302 2543 gab
1315 2497 1524 2542 Vespasian
1544 2497 1626 2533 eine
1702 2489 1710 2511 ³

877 2544 1003 2580 kleine
1029 2544 1249 2580 Herrschaft
1273 2545 1312 2580 in
1338 2543 1503 2581 Cilicien.

927 2607 959 2639 9.
986 2604 1134 2639 meritae
1158 2605 1405 2648 „erworben“.
1432 2603 1517 2649 Vgl.
1538 2604 1626 2650 Agr.

879 2654 902 2685 4
933 2651 1030 2686 iram
1062 2652 1223 2687 meritus.
1273 2651 1361 2686 hist.
1389 2656 1421 2696 2,
1448 2655 1493 2686 37
1531 2652 1628 2697 quod

879 2698 1035 2743 yloriam
1061 2709 1259 2745 nomenque
1284 2719 1329 2724 —
1353 2700 1548 2735 meruisset.
1594 2703 1628 2745 3,

879 2747 926 2780 86
957 2746 1150 2782 amicitias.
1203 2746 1250 2782 So
1282 2746 1398 2782 sehon
1428 2745 1489 2782 bei
1520 2746 1626 2783 Klas-

881 2791 1023 2829 sikern:
1050 2793 1154 2830 Caes.
1180 2794 1216 2830 b.
1243 2805 1278 2839 g.
1300 2798 1332 2839 6,
1351 2798 1373 2830 5
1399 2805 1443 2830 ex
1468 2805 1507 2830 eo
1531 2795 1628 2840 quod

880 2845 1062 2877 meruerat
1079 2841 1174 2885 odio,
1194 2841 1268 2877 und
1288 2851 1375 2877 vom
1389 2841 1627 2878 Gelderwerb

881 2887 943 2923 bei
968 2889 1040 2925 Cic.
1067 2901 1103 2934 p.
1130 2889 1237 2925 Rosc.
1265 2900 1358 2925 com.
1386 2893 1442 2926 10.
