1794 3126
569 104 715 140 LIBER
738 103 818 139 XV.
857 103 960 140 CAP.
987 107 1139 139 49-52.
1554 102 1641 145 203

65 212 299 269 Epicharis
335 212 563 268 quaedam,
598 212 809 254 incertum
846 225 1036 265 quonam
1071 210 1200 252 modo
1233 210 1453 252 sciscitata
1484 208 1642 266 (neque

64 272 132 315 illi
168 274 268 314 ante
312 272 401 314 ulla
444 286 588 314 rerum
630 271 913 313 honestarum
957 283 1058 311 cura
1102 267 1280 324 fuerat),
1324 269 1556 311 accendere
1599 271 1644 311 et

66 345 221 388 urgere
260 331 526 386 coniuratos,
563 344 611 372 ac
649 331 916 384 postremum
953 327 1224 370 lentitudinis
1261 341 1406 370 eorum
1442 330 1642 382 pertaesa

66 393 112 433 et
160 389 207 432 in
253 389 492 446 Campania
538 402 670 445 agens
713 387 925 442 primores
969 387 1290 429 classiariorum
1332 385 1642 428 Misenensium
1668 397 1689 429 5

64 448 308 492 labefacere
346 452 390 492 et
427 447 691 491 conscientia
726 446 908 502 inligare
946 446 1093 489 conisa
1130 447 1198 488 est
1234 445 1314 487 tali
1348 445 1485 488 initio.
1551 447 1644 487 erat

64 508 311 551 nauarchus
348 508 395 550 in
432 522 483 550 ea
521 507 659 550 classe
692 505 901 549 Volusius
933 505 1160 560 Proculus,
1197 504 1454 547 occidendae
1490 504 1643 546 matris

64 565 232 609 Neroni
262 567 375 609 inter
405 566 641 621 ministros,
671 580 763 607 non
793 579 845 607 ex
875 564 1174 620 magnitudine
1205 563 1379 606 sceleris
1404 565 1644 618 provectus,

65 629 116 668 ut
146 626 331 668 rebatur.
385 625 423 668 is
454 625 624 667 mulieri
656 625 761 667 olim
793 623 1007 679 cognitus,
1040 638 1116 666 seu
1142 637 1293 666 recens
1319 625 1416 665 orta
1440 621 1643 677 amicitia,

64 684 168 727 dum
200 684 355 727 merita
385 698 489 741 erga
513 683 732 727 Neronem
764 698 842 726 sua
874 685 917 725 et
947 697 1077 738 quam
1107 683 1154 725 in
1183 682 1361 724 inritum
1392 681 1646 724 cecidissent
1671 692 1715 724 10

64 743 206 798 aperit
238 743 452 799 adicitque
484 745 660 799 questus
693 745 737 785 et
768 742 1100 785 destinationem
1130 741 1359 796 vindictae,
1391 741 1428 783 si
1459 740 1643 783 facultas

63 804 278 857 oreretur,
322 817 444 857 spem
487 802 606 845 dedit
648 816 777 857 posse
820 801 971 856 inpelli
1010 803 1055 843 et
1090 801 1235 856 plures
1274 799 1522 842 conciliare:
1565 813 1644 843 nec

64 861 159 904 leve
199 861 405 904 auxilium
443 862 490 903 in
524 861 680 916 classe,
718 861 890 903 crebras
923 860 1170 903 occasiones
1178 893 1189 915 ,
1227 860 1329 915 quia
1359 859 1476 901 Nero
1507 859 1644 901 multo

62 920 180 976 apud
203 918 422 963 ‘Puteolos
461 922 505 962 et
540 919 755 962 Misenum
792 919 924 961 maris
962 934 1042 961 usu
1079 918 1336 961 laetabatur.
1399 931 1501 973 ergo
1539 917 1645 973 Epi-

62 979 209 1022 charis
241 980 383 1034 plura3
416 981 460 1022 et
491 979 636 1022 omnia
668 979 831 1021 scelera
861 978 1069 1033 principis
1099 977 1276 1033 orditur,
1307 991 1447 1032 neque
1473 976 1644 1018 senatui
1671 988 1714 1019 15

60 1052 188 1092 neque
211 1039 371 1092 populo
408 1038 643 1094 quidquam
680 1052 865 1080 manere.
927 1036 1002 1079 sed
1039 1037 1260 1092 provisum
1290 1050 1483 1092 quonam
1512 1035 1642 1078 modo

63 1111 228 1152 poenas
267 1112 439 1140 eversae
476 1098 537 1139 rei
573 1097 774 1153 publicae
813 1096 952 1139 daret:
991 1096 1285 1151 accingeretur
1321 1095 1448 1138 modo
1484 1108 1644 1137 navare

64 1171 243 1212 operam
275 1159 320 1199 et
349 1157 535 1198 militum
569 1157 801 1199 acerrimos
833 1156 987 1198 ducere
1011 1156 1057 1197 in
1081 1153 1240 1210 partes,
1272 1169 1322 1197 ae
1347 1154 1480 1210 digna
1503 1154 1643 1209 pretia

63 1217 349 1271 exspectaret3
387 1215 566 1258 nomina
601 1217 750 1258 tamen
786 1215 1108 1257 coniuratorum
1144 1214 1328 1256 reticuit.
1388 1213 1503 1255 unde
1539 1212 1643 1255 Pro·

64 1274 151 1317 culi
181 1274 388 1317 indicium
419 1275 598 1317 inritum
628 1274 724 1329 fuit,
755 1274 950 1329 quamvis
982 1288 1033 1316 ea
1064 1287 1172 1329 quae
1204 1272 1401 1315 audierat
1431 1272 1486 1314 ad
1510 1271 1644 1314 Nero·
1669 1283 1714 1316 20

62 1347 164 1375 nem
196 1333 430 1376 detulisset.
486 1333 623 1376 accita
655 1334 814 1389 quippe
844 1332 1075 1388 Epicharis
1108 1336 1152 1374 et
1182 1347 1280 1374 cum
1304 1331 1444 1374 indice
1471 1345 1644 1386 compo-

65 1393 151 1437 sita
202 1392 335 1435 nullis
382 1393 567 1435 testibus
610 1393 800 1435 innisum
843 1392 969 1434 facile
1013 1391 1266 1434 confutavit.
1340 1391 1414 1433 sed
1458 1391 1556 1445 ipsa
1598 1391 1645 1432 in

64 1451 264 1494 custodia
294 1453 571 1507 retenta'est,
603 1454 879 1506 suspectante
910 1450 1082 1494 Nerone
1114 1451 1231 1493 haud
1256 1450 1369 1492 falsa
1394 1464 1486 1492 esse
1512 1449 1644 1492 etiam

65 1525 176 1567 quae
207 1525 309 1552 vera
339 1525 427 1553 non
456 1511 766 1566 probabantur.

184 1567 432 1615 Coniuratis
463 1573 608 1612 tamen
639 1572 758 1611 metu
789 1569 1046 1624 proditionis
1078 1568 1288 1623 permotis
1317 1568 1528 1623 placitum
1554 1582 1643 1608 ma·
1656 1567 1714 1610 52

61 1630 210 1670 turare
247 1628 419 1670 caedem
458 1629 572 1684 apud
602 1628 732 1671 Baias
770 1629 815 1670 in
852 1628 955 1670 villa
991 1627 1181 1682 Pisonis,
1220 1627 1337 1669 cuius
1376 1626 1642 1669 amoenitate

63 1689 216 1743 captus
254 1685 414 1730 Caesar
457 1688 607 1730 crebro
649 1687 892 1730 ventitabat
934 1687 1195 1742 balneasque
1238 1688 1280 1728 et
1316 1686 1465 1741 epulas
1503 1685 1645 1727 inibat

64 1746 240 1789 omissis
273 1747 464 1789 excubiis
496 1749 540 1789 et
570 1746 770 1789 fortunae
803 1761 906 1789 suae
937 1746 1062 1788 mole.
1125 1745 1199 1788 sed
1237 1744 1390 1787 abnuit
1421 1744 1541 1800 Piso,
1578 1744 1643 1785 in-

66 1805 229 1847 vidiam
267 1806 569 1861 praetendens,
617 1805 654 1847 si
703 1820 826 1848 saera
861 1819 1035 1848 mensae
1074 1805 1200 1860 dique
1236 1804 1477 1858 hospitales
1516 1803 1642 1845 caede
1669 1814 1689 1846 5

66 1943 139 1969 sas.
181 1936 242 1977 14,
265 1936 308 1967 10
329 1933 491 1978 perfeeto
515 1933 656 1968 demum
680 1933 817 1969 scelere.

891 1935 1105 1978 sequeretur.
1133 1935 1167 1976 2,
1182 1935 1238 1967 63.
1271 1930 1305 1966 S.
1325 1930 1421 1966 Einl.
1443 1934 1475 1973 ς.
1492 1934 1572 1975 119,
1587 1934 1642 1966 12.

68 1979 119 2016 So
144 1992 214 2015 nur
238 1980 335 2015 noch
364 1985 427 2024 16,
456 1984 510 2016 14.
539 1983 593 2015 17.
972 1980 978 1987 ’

892 1999 936 2005 -
962 1991 1004 2014 m
1028 1979 1185 2014 inritwm
1211 1979 1337 2014 eadere
1361 1977 1432 2013 wie
1460 1977 1527 2023 Kp.
1549 1981 1605 2014 39.

115 2031 148 2063 2.
182 2028 361 2062 incertum
386 2028 443 2062 als
468 2026 714 2071 Parenthese‚
747 2026 819 2062 wie

67 2074 138 2120 Kp.
168 2077 231 2118 38,
258 2078 315 2110 64.
350 2078 413 2119 14,
439 2078 460 2110 9
485 2075 562 2109 und
589 2073 696 2110 efter.

114 2125 148 2157 4.
182 2121 253 2157 Die
290 2122 474 2157 Parataxe
507 2125 678 2166 pertaesa
710 2124 743 2157 et
774 2142 819 2147 —

66 2179 181 2214 aqens
206 2169 257 2204 ist
278 2169 500 2214 regelrecht.
546 2169 622 2204 Der
641 2167 733 2203 Sinn
750 2167 819 2203 ist:

66 2216 134 2252 des
161 2216 351 2251 Zauderns
382 2215 626 2261 fiberdrfissig
656 2216 734 2250 und
759 2225 822 2260 ge-

66 2262 158 2298 rade
202 2262 242 2297 in
280 2263 508 2308 Campanien
547 2263 643 2308 (also
680 2262 718 2297 in
757 2263 823 2298 der

67 2310 178 2345 Nahe
214 2310 280 2345 der
304 2310 447 2356 Flotte)
479 2310 558 2346 sich
590 2309 822 2355 aufhaltend,

68 2357 224 2392 wandte
250 2357 302 2392 sie
328 2356 408 2393 sich
430 2369 479 2393 an
497 2357 558 2393 die
579 2356 820 2393 Seeoffiziere.

116 2408 149 2440 6.
185 2404 354 2449 iuliyare.
407 2404 491 2450 Vgl.
524 2407 586 2448 12,
618 2406 663 2439 25
694 2407 823 2449 stupro

67 2452 148 2488 eius
181 2451 372 2498 inliyatus.
422 2455 463 2497 2,
489 2455 534 2487 27
559 2461 630 2497 quo
648 2451 824 2496 pluribus

68 2499 227 2535 indiciis
254 2499 441 2545 inligaret.
487 2502 549 2542 15,
582 2502 601 2532 1
635 2499 745 2534 bellis.
778 2518 822 2524 —

70 2547 188 2582 coniti
214 2556 245 2582 c.
272 2545 339 2581 inf.
364 2545 415 2581 ist
439 2545 694 2588 unklassiseh;
727 2545 824 2581 auch

67 2591 148 2630 Liv.
176 2597 215 2632 9,
247 2597 311 2638 31,
340 2596 394 2628 12.

69 2644 150 2722 ΚΘ.
184 2633 287 2676 Uber
313 2639 380 2675 das
404 2639 554 2676 Adverb
579 2650 700 2676 reeens
726 2651 753 2677 s.
779 2651 825 2675 zu

120 2738 175 2770 10.
203 2735 255 2770 Zu
280 2734 347 2770 der
365 2733 641 2769 Koordination
661 2732 727 2768 des
746 2734 823 2769 No-

69 2792 174 2818 mens
209 2782 341 2817 merita
378 2781 450 2816 mit
480 2780 696 2826 folgendem
730 2780 824 2815 indi-

70 2828 206 2864 rekten
229 2829 430 2874 Fragesatz
455 2828 530 2874 vgl.
556 2831 591 2873 4,
615 2831 659 2863 31
685 2838 825 2873 ynarus

74 2876 263 2912 meliorum
293 2880 327 2912 et
358 2887 452 2922 quae
476 2877 578 2919 fama
603 2876 825 2912 clementiam

942 2030 996 2062 15.
1036 2026 1102 2061 Bei
1127 2027 1245 2071 plura
1275 2025 1327 2060 ist
1357 2035 1423 2059 aus
1456 2025 1540 2060 dem
1574 2024 1644 2060 Zu-

892 2073 1183 2118 sammenhange
1209 2073 1270 2107 ein
1288 2071 1400 2108 Verb.
1428 2072 1578 2107 dicendi
1597 2084 1643 2107 zu

893 2124 1086 2166 erganzen.

944 2172 1000 2203 17.
1033 2168 1177 2212 accinyi
1196 2178 1226 2204 e.
1246 2166 1312 2202 inf.
1333 2179 1402 2202 nur
1419 2166 1518 2202 noch
1538 2166 1643 2212 Virg.

896 2215 937 2250 G.
966 2219 1004 2260 3,
1031 2219 1077 2250 46
1103 2215 1230 2250 dicere.

943 2266 1000 2298 20.
1032 2262 1200 2308 quamvis
1225 2262 1319 2297 statt
1336 2272 1567 2306 quamquam.
1605 2261 1641 2296 S.

894 2309 991 2345 Einl.
1018 2313 1049 2353 ς.
1072 2313 1150 2345 106.

942 2361 1000 2393 21.
1032 2356 1232 2401 composita
1250 2355 1557 2401 „konfrontiert“.
1594 2355 1643 2392 So

894 2403 988 2439 wird
1042 2414 1250 2448 componere
1298 2403 1508 2448 gebraucht
1556 2413 1645 2438 vom

896 2450 1253 2496 Gegem'iberstellen
1291 2449 1422 2485 zweier
1452 2449 1643 2494 Kampfer.

943 2502 1000 2534 23.
1027 2501 1233 2542 suspectare
1252 2498 1347 2531 statt
1364 2497 1560 2542 suspicari,
1584 2507 1645 2531 su·

895 2549 1055 2590 spectum
1079 2546 1207 2580 habere
1232 2543 1329 2579 auch
1355 2547 1412 2587 13,
1437 2546 1494 2579 47.
1524 2547 1578 2587 12,
1599 2548 1644 2579 65

896 2592 974 2627 und
999 2591 1107 2628 efter.
1158 2590 1269 2627 Sonst
1291 2602 1363 2626 nur
1387 2590 1449 2626 bei
1472 2591 1645 2627 Aurelius

895 2639 1036 2675 Victor.

945 2685 1008 2722 52.
1050 2690 1084 2721 4.
1116 2685 1242 2720 Durch
1267 2685 1357 2720 moze
1375 2684 1470 2720 wird
1488 2685 1645 2731 lastiges

901 2733 1057 2779 Gefolge
1082 2732 1310 2768 bezeichnet.

946 2783 978 2816 5.
1022 2791 1131 2816 sacra
1181 2780 1264 2824 „die
1306 2778 1536 2824 Heiligkeit“
1580 2779 1646 2815 der

876 2865 881 2870 ,
898 2827 1296 2874 Tischgemeinschaft.
1326 2825 1410 2871 vgl.
1427 2830 1458 2872 1,
1472 2831 1517 2861 42
1536 2837 1646 2863 sacra

899 2876 1101 2920 leyationis.
1131 2879 1186 2920 13,
1201 2879 1244 2910 17
1259 2875 1354 2909 inter
1366 2884 1473 2910 sacra
1491 2885 1644 2911 mensae.
