1794 3126
81 522 136 564 63

83 1294 139 1335 64

159 118 241 160 166

587 119 814 156 CORNELII
840 119 1004 156 TACITI
1029 119 1291 156 ANNALIUM

150 227 380 282 promittit:
419 229 504 283 vel,
543 229 580 271 si
610 229 873 285 negavisset,
909 242 1056 271 necem
1093 229 1291 271 intentat.
1346 229 1418 271 ille
1455 229 1587 272 insita
1617 244 1713 272 vae-

83 295 126 327 15
152 286 297 329 cordia
322 289 364 329 et
394 287 601 330 facilitate
631 288 824 343 priorum
855 288 1131 355 flagitiorum,
1162 288 1286 343 plura
1311 288 1438 331 etiam
1469 303 1598 344 quam
1627 289 1714 331 ius-

152 360 242 388 sum
284 349 377 389 erat
414 347 538 402 fingit
574 346 827 415 fateturque·
855 347 968 402 apud
1007 361 1165 390 am1cos
1173 380 1184 402 ,
1229 361 1336 402 quos
1378 347 1495 390 velut
1533 348 1713 391 consilio

153 405 407 448 adhibuerat
439 406 649 462 princeps.
698 409 791 448 tum
815 406 861 448 in
887 404 1129 448 Sardiniam
1154 406 1343 462 pellitur,
1376 406 1451 449 ubi
1475 421 1562 450 non
1586 407 1713 462 inops

154 464 327 507 exilium
359 465 562 507 toleravit
593 467 637 507 et
666 464 758 507 fato
792 464 910 507 obiit.

272 523 335 566 At
359 523 475 566 Nero
508 524 771 578 praefectum
801 524 847 566 in
872 538 991 579 spem
1018 524 1245 567 sociandae
1271 493 1423 567 classis
1456 527 1715 582 corruptum,

153 585 195 625 et
226 583 446 625 incusatae
479 583 607 637 paulo
635 585 732 625 ante
759 582 999 625 sterilitatis
1026 583 1196 639 oblitus,
1229 584 1404 626 abactos
1435 586 1586 639 partus
1619 599 1715 627 con-

153 642 334 684 scientia
365 641 613 697 libidinum,
654 656 785 697 eaque
818 641 901 684 sibi
932 644 1152 696 comperta
1183 642 1321 685 edicto
1352 645 1564 686 memorat
1599 644 1715 686 insu-

152 701 277 756 laque
316 700 575 743 Pandateria
607 700 831 743 Octaviam
870 700 1042 742 claudit.
1102 715 1190 744 non
1228 702 1313 744 alia
1351 703 1447 745 exul
1483 703 1716 745 visentium

108 770 127 801 5
155 760 299 802 oculos
331 759 492 802 maiore
524 760 818 803 misericordia
849 759 1017 802 adfecit.
1067 760 1352 803 meminerant
1376 761 1514 804 adhuc
1542 762 1716 817 quidam

152 818 420 874 Agrippinae
459 834 484 861 a
514 818 704 874 Tiberio,
742 819 955 861 recentior
985 818 1120 860 Iuliae
1157 820 1363 862 memoria
1404 821 1715 864 obversabatur

153 893 178 920 a
210 876 388 920 Claudio
419 879 583 933 pulsae:
617 878 690 921 sed
721 879 808 921 illis
840 878 971 920 robur
1003 877 1157 920 aetatis
1190 878 1399 935 adfuerat,
1428 880 1542 922 laeta
1572 880 1716 936 aliqua

152 937 350 980 viderant
382 940 425 980 et
455 940 727 992 praesentem
752 937 978 980 saevitiam
1004 937 1192 979 melioris
1222 937 1325 979 olim
1355 938 1555 981 fortunae
1579 953 1716 982 recor-

152 996 324 1038 datione
357 997 624 1039 adlevabant.
679 997 778 1040 huic
815 996 979 1053 primus
1012 996 1261 1051 nuptiarum
1300 996 1388 1039 dies
1427 997 1522 1040 loco
1553 997 1716 1041 funeris

84 1067 125 1097 10
152 1055 246 1110 fuit,
279 1055 483 1098 deductae
515 1056 560 1098 in
600 1056 773 1098 domum
804 1057 847 1100 in
881 1070 964 1111 qua
994 1055 1105 1097 nihil
1134 1055 1218 1098 nisi
1255 1056 1495 1099 luctuosum
1526 1056 1716 1113 haberet,

152 1117 299 1169 erepto
324 1130 400 1170 per
424 1130 636 1158 venenum
661 1118 783 1171 patre
810 1117 853 1159 et
880 1115 1028 1157 statim
1053 1115 1205 1170 fratre3
1237 1117 1329 1157 tum
1355 1115 1512 1157 ancilla
1543 1115 1717 1158 domina

152 1174 332 1217 validior
381 1176 424 1216 et
471 1174 674 1230 Poppaea
723 1189 812 1218 non
861 1174 945 1216 nisi
994 1175 1040 1216 in
1089 1174 1322 1230 perniciem
1371 1174 1518 1217 uxoris
1567 1177 1716 1230 nupta,

151 1236 371 1288 postremo
404 1234 565 1276 crimen
597 1234 715 1277 omni
747 1234 876 1276 exitio
909 1234 1094 1290 gravius.

271 1291 336 1335 Ac
379 1293 527 1348 puella
570 1293 804 1336 vicensimo
850 1293 1005 1336 aetatis
1050 1307 1163 1335 anno
1207 1293 1320 1335 inter
1359 1292 1627 1335 centuriones
1672 1295 1715 1335 et

153 1351 325 1408 milites,
354 1353 582 1408 praesagio
616 1353 827 1396 malorum
857 1353 945 1395 iam
971 1352 1086 1395 vitae
1113 1355 1325 1407 exempta,
1355 1351 1546 1394 nondum
1570 1354 1718 1395 tamen

154 1468 336 1514 Analogie
355 1480 429 1504 von
452 1469 542 1513 loca,
569 1469 684 1505 findet
704 1469 783 1505 sich
802 1470 898 1505 auch

151 1515 213 1551 bei
237 1516 310 1551 den
334 1516 469 1552 beiden
493 1516 647 1553 Plinius.

200 1566 255 1598 14.
274 1564 328 1599 vel
346 1563 416 1599 wie
437 1564 532 1599 oben
552 1564 620 1609 ΚΡ.
638 1567 693 1600 61.
716 1585 758 1589 -
779 1574 898 1600 necem

150 1611 307 1645 intentat
325 1611 422 1646 nach
443 1611 544 1657 Virg.
564 1612 654 1646 Aen.
677 1615 708 1655 1,
730 1615 772 1646 91
787 1622 896 1656 prae-

151 1661 351 1703 sentemque
398 1659 491 1694 viris
541 1659 725 1694 intentant
773 1659 896 1695 omnia

150 1708 307 1740 mortem.

200 1756 256 1788 15.
282 1753 422 1788 iussum
446 1756 524 1788 erat
554 1753 655 1788 kann
687 1764 725 1789 es
756 1753 896 1789 heissen

152 1800 245 1835 statt
280 1800 402 1836 iussus
433 1804 527 1844 erat,
565 1800 649 1836 weil
680 1812 767 1836 man
799 1801 896 1837 auch

153 1848 237 1893 sagt
260 1847 383 1883 iubere
407 1848 560 1892 aliquid.
611 1847 759 1884 Ebenso
785 1851 818 1893 2,
838 1852 894 1884 40.

152 1895 188 1929 h.
215 1898 248 1938 4,
275 1898 331 1930 35.
366 1898 399 1939 5,
424 1898 480 1930 21.

200 1923 257 1977 18.
276 1942 354 1985 fato
377 1943 467 1978 obiit
492 1953 555 1987 „er
580 1943 682 1978 starb
707 1942 807 1979 eines
833 1955 897 1979 na-

152 1989 339 2025 turlichen
384 1989 542 2025 'rodes‘n
597 1990 745 2026 Ebenso
780 1994 895 2034 6,10.

151 2037 230 2079 fato
254 2037 365 2083 funyi
392 2041 447 2082 11,
472 2041 505 2072 2.
548 2037 627 2081 fato
653 2019 839 2074 concedere
864 2042 896 2083 2,

154 2088 208 2118 71.
254 2084 333 2120 Liv.
374 2089 429 2128 26,
468 2088 523 2129 13,
561 2088 603 2121 17
646 2085 725 2128 fato
768 2086 896 2121 cedere.

153 2130 288 2167 Justin.
315 2135 372 2175 39,
397 2135 420 2166 4
445 2132 685 2177 spiritumque
708 2143 783 2169 non
806 2133 897 2177 fato,

153 2179 214 2214 sed
236 2180 442 2223 parricidio
468 2180 576 2215 dedit.

201 2272 264 2308 63.
305 2277 335 2308 1.
374 2273 416 2308 in
445 2284 542 2318 spem
573 2274 790 2310 bezeichnet
821 2274 898 2311 Ziel

153 2320 229 2356 und
248 2320 523 2366 Beweggrund,
549 2321 619 2356 wie
638 2321 707 2367 ΚΡ.
731 2325 784 2358 15.
811 2321 898 2357 hist.

153 2371 186 2412 4,
212 2371 258 2403 42
289 2368 331 2402 in
355 2378 451 2413 spem
473 2369 668 2413 potentiae.
712 2367 798 2404 Erst
828 2369 899 2404 seit

152 2414 279 2450 Livius
312 2415 594 2460 gebrauchlich,
633 2428 663 2451 z.
688 2415 730 2452 B.
763 2420 819 2460 21,
851 2420 897 2452 45

147 2463 318 2508 praemia
324 2464 560 2508 pronuntiat,
580 2464 621 2499 in
637 2474 789 2508 quorum
801 2474 898 2509 spem

150 2513 372 2556 puynarent.
411 2514 443 2554 5,
464 2515 510 2546 30
536 2512 730 2556 vellentque
754 2511 796 2546 in
821 2522 898 2547 eam

153 2568 249 2602 spem
281 2558 411 2593 liberos
441 2559 571 2594 tollere.
614 2557 708 2594 Plin.
740 2569 824 2604 pan.
851 2562 896 2594 27

154 2605 274 2640 tollere
299 2605 428 2641 liberos
452 2606 494 2641 in
518 2616 614 2651 spem
633 2606 895 2641 alimentorum.

202 2656 233 2687 2.
275 2653 421 2688 abactos
455 2657 597 2698 partus.
647 2652 717 2688 Die
754 2651 900 2689 Abtrei-

154 2699 257 2745 bung
276 2699 341 2736 der
358 2698 617 2736 Leibesfrucht
639 2700 796 2743 (abactio
809 2711 900 2745 par-

154 2749 214 2782 tus
245 2747 334 2782 oder
364 2748 473 2792 fetus)
510 2758 586 2783 war
620 2747 682 2783 bei
720 2747 792 2783 den
828 2747 901 2783 R&-

155 2804 260 2828 mern
285 2795 402 2830 durch
433 2795 521 2830 kein
547 2794 679 2830 Gesetz
703 2794 899 2838 verboten;

156 2840 326 2886 dagegen
346 2842 514 2877 erwahnt
534 2841 660 2878 cicero
683 2842 733 2887 (p.
754 2840 899 2878 Cluent.

158 2890 215 2933 11)
243 2887 350 2924 einen
374 2888 457 2924 Fall
488 2901 555 2925 aus
580 2889 703 2935 Milet,
735 2900 793 2925 wo
820 2889 899 2925 dies

969 1468 1207 1505 Verbrechen
1225 1467 1296 1504 mit
1321 1468 1406 1504 dem
1427 1468 1529 1504 Tode
1553 1468 1713 1504 bestraft

970 1515 1073 1551 wird.

1017 1566 1050 1598 4.
1088 1562 1313 1599 Pandateria
1350 1562 1439 1598 oder
1476 1562 1713 1606 Pandataria,

969 1609 1065 1645 auch
1092 1614 1123 1655 1,
1144 1614 1187 1645 53
1215 1610 1269 1645 als
1288 1609 1623 1655 Verbannungsort
1648 1609 1715 1645 der

969 1657 1112 1693 alter-en
1135 1657 1236 1693 Julia
1262 1657 1448 1702 erw'ahnt,
1477 1656 1542 1703 lag
1567 1656 1715 1693 sfidlich

968 1715 1042 1740 von
1068 1704 1280 1740 Tarracina.

1017 1755 1049 1787 6.
1060 1751 1287 1805 flgrippina,
1315 1750 1514 1787 Gemahlin
1541 1750 1604 1786 des
1623 1750 1715 1787 Ger-

968 1798 1152 1844 manicus,
1194 1799 1297 1834 ward
1332 1811 1396 1834 um
1434 1798 1500 1834 das
1538 1797 1631 1834 Jahr
1669 1802 1715 1834 30

970 1846 1150 1882 ebenfalls
1165 1846 1260 1882 nach
1272 1845 1498 1881 Pandateria
1517 1845 1710 1882 verbannt.

969 1913 1013 1919 —
1039 1893 1141 1929 Julia
1164 1893 1214 1929 ist
1239 1893 1319 1928 ihre
1344 1892 1523 1936 Tochter,
1554 1893 1621 1928 auf
1641 1894 1714 1928 An—

968 1939 1065 1977 trieb
1109 1941 1175 1976 der
1211 1940 1413 1976 Messalina
1457 1940 1604 1986 verjagt
1639 1939 1717 1976 und

970 1988 1059 2024 bald
1085 1988 1220 2024 darauf
1239 1989 1395 2034 getotet.

1019 2039 1052 2071 9.
1078 2036 1225 2081 primus
1256 2036 1320 2071 ctt.
1358 2035 1466 2080 (statt
1500 2035 1564 2070 des
1596 2034 1714 2071 hand-

971 2083 1127 2120 schriftl.
1157 2084 1336 2128 primum)
1361 2082 1553 2118 bedentet:
1591 2081 1715 2118 Schon

971 2131 1036 2167 der
1067 2131 1164 2166 erste
1190 2131 1271 2176 Tag
1301 2129 1401 2166 ihrer
1432 2130 1511 2166 Ehe
1543 2139 1621 2165 war
1652 2129 1713 2165 ein

969 2178 1241 2224 Ungh'ickstag.

1021 2229 1074 2262 11.
1095 2228 1222 2271 patre,
1250 2224 1438 2261 Claudius.
1475 2224 1610 2268 fratre,
1635 2222 1717 2259 Bri-

970 2273 1153 2309 tannicus.
1190 2293 1236 2298 —
1273 2273 1429 2315 ancilla,
1461 2271 1626 2307 namlich
1655 2270 1716 2307 die

971 2319 1247 2366 Freigelassene
1291 2321 1402 2365 Acte,
1451 2319 1570 2355 Neros
1617 2318 1716 2354 Kon-

970 2367 1122 2405 kubine.

1021 2419 1074 2451 12.
1086 2415 1268 2459 validior,
1271 2412 1582 2459 ‚einflussreicher,
1591 2412 1714 2448 mach-

970 2462 1090 2508 tiger“
1115 2461 1186 2498 wie
1211 2461 1282 2507 ΚΡ.
1309 2465 1353 2497 51
1379 2461 1539 2497 validior
1566 2459 1712 2505 Tiyelli-

970 2520 1041 2545 nus
1070 2510 1112 2544 in
1136 2509 1259 2545 animo
1284 2509 1471 2554 principis
1501 2507 1576 2543 und
1604 2506 1712 2543 efter.

1016 2604 1081 2640 64.
1110 2608 1140 2639 1.
1155 2604 1282 2648 puella
1302 2603 1394 2638 die'
1378 2612 1495 2649 Junge
1516 2599 1623 2644 Fran,
1642 2599 1714 2636 wie

973 2651 1035 2687 bei
1080 2650 1176 2687 Ovid
1217 2650 1294 2686 und
1337 2616 1430 2686 Gen.
1463 2652 1518 2693 12,
1546 2652 1577 2692 1,
1601 2651 1635 2684 4.
1667 2667 1713 2673 -

971 2699 1174 2735 vicensimo.
1218 2697 1288 2733 Die
1319 2697 1412 2733 Zahl
1447 2695 1497 2731 ist
1527 2705 1713 2740 ungenau,

973 2747 1022 2782 da
1048 2744 1205 2782 Octavia
1229 2745 1451 2790 wenigstens
1483 2742 1574 2778 zwei
1598 2741 1712 2778 Jahre

972 2794 1068 2829 alter
1091 2793 1171 2829 sein
1194 2791 1338 2828 mutate.

1020 2844 1053 2877 2.
1077 2841 1173 2876 vitae
1197 2841 1359 2884 exempta
1377 2836 1608 2882 „entr1’ickt“.
1637 2837 1713 2872 Das

971 2886 1081 2923 Verb.
1120 2887 1288 2930 eximere,
1330 2884 1489 2921 welches
1526 2883 1716 2920 Klassikcr
