1794 3126
164 121 251 163 206
600 121 830 158 CORNELII
855 119 1018 157 TACITI
1041 120 1303 157 ANNALIUM

95 239 139 271 15
166 229 456 285 sequentibus.
517 243 619 271 nam
651 243 748 271 cum
780 243 923 271 secum
961 229 1127 272 servilis
1167 229 1336 271 animus
1376 230 1569 284 praemia
1605 230 1732 285 perfi-

165 287 260 330 diae
290 288 509 343 reputavit
541 288 750 344 simulque
787 288 984 331 inmensa
1013 288 1195 343 pecunia
1227 289 1270 329 et
1304 289 1501 343 potentia
1532 289 1732 331 obversa-

164 347 343 402 bantur,
379 347 509 389 cessit
544 346 610 389 fas
643 349 687 389 et
719 347 836 390 salus
873 348 1048 402 patroni
1080 350 1123 389 et
1161 348 1361 402 acceptae
1399 347 1614 390 libertatis
1645 362 1732 391 me·

164 406 312 448 moria.
369 406 529 447 etenim
560 406 707 448 uxoris
740 420 908 461 quoque
939 406 1169 448 consilium
1195 406 1495 461 adsumpserat
1523 405 1733 449 muliebre

165 478 215 506 ac
247 464 454 506 deterius:
493 464 651 520 quippe
682 464 797 506 ultro
829 466 992 506 metum
1022 465 1284 519 intentabat,
1321 465 1568 520 multosque
1601 465 1732 508 adsti-

94 533 139 565 20
164 523 271 566 tisse
302 523 482 565 libertos
515 538 566 565 ac
598 537 764 578 servos,
795 523 869 577 qui
899 523 1048 566 eadem
1072 523 1269 567 viderint.
1318 524 1425 566 nihil
1457 523 1732 579 profuturum

164 582 292 624 unius
337 582 574 636 silentium3
625 583 671 623 at
712 581 906 636 praemia
947 596 1078 636 penes
1121 597 1254 625 unum
1297 582 1407 638 fore,
1458 583 1531 638 qui
1573 582 1733 626 indicio

163 640 468 695 praevenisset.

283 698 423 754 Igitur
453 701 606 753 coepta
641 698 736 741 luce
766 698 970 740 Milichus
1008 699 1056 740 in
1091 699 1242 742 hortos
1276 699 1538 743 Servilianos
1569 700 1731 758 pergit3

165 759 209 799 et
240 771 336 799 cum
373 757 541 799 foribus
574 759 809 813 arceretur,
846 771 1007 813 magna
1045 759 1089 799 et
1126 759 1289 801 atrocia
1323 759 1488 802 adferre
1526 759 1731 802 dictitans

165 815 454 871 deductusque
479 816 534 858 ab
558 816 815 859 ianitoribus
846 816 898 858 ad
930 816 1134 859 libertum
1159 815 1346 860 Neronis
1371 818 1732 874 Epaphroditum,

164 889 264 917 mox
297 875 351 917 ab
383 889 432 917 eo
465 874 519 917 ad
550 873 779 930 Neronem,
809 889 969 931 urgens
1007 875 1263 931 periculum,
1300 889 1453 932 graves
1485 877 1731 920 coniuratos

116 943 136 974 5
164 936 207 975 et
238 936 382 976 cetera
414 948 522 990 quae
556 933 753 976 audierat
776 937 852 976 aut
876 934 1191 976 coniectaverat
1222 934 1357 977 docet.
1400 936 1536 978 telum
1562 949 1732 991 quoque

161 992 208 1034 in
232 1007 380 1035 necem
407 993 497 1035 eius
522 995 724 1048 paratum
750 993 937 1036 ostendit
962 993 1175 1049 accirique
1199 1007 1322 1035 reum
1347 994 1483 1036 iussit.
1518 994 1556 1037 is
1580 996 1732 1050 raptus

161 1066 238 1106 per
274 1051 435 1093 milites
474 1054 518 1094 et
562 1052 854 1094 defensionem
893 1066 1035 1107 orsus,
1078 1052 1240 1094 ferrum
1247 1086 1259 1108 ,
1301 1052 1421 1095 cuius
1466 1055 1732 1109 argueretur,

164 1110 271 1152 olim
301 1110 512 1166 religione
542 1111 685 1166 patria
710 1112 872 1153 cultum
897 1113 942 1154 et
971 1111 1018 1153 in
1043 1111 1240 1154 cubiculo
1271 1111 1470 1154 habitum
1502 1126 1551 1154 ac
1582 1110 1732 1154 fraude

163 1169 310 1211 liberti
337 1169 588 1224 subreptum
613 1170 848 1225 respondit,
879 1170 1052 1212 tabulas
1083 1170 1336 1213 testamenti
1362 1171 1532 1226 saepius
1559 1185 1584 1213 a
1610 1185 1655 1213 se
1686 1172 1731 1212 et

95 1238 138 1270 10
164 1228 429 1271 incustodita
471 1228 636 1271 dierum
674 1229 975 1272 observatione
1013 1229 1218 1285 signatas.
1272 1229 1476 1284 pecunias
1518 1232 1561 1272 et
1601 1230 1731 1272 liber-

161 1289 274 1329 tates
313 1287 446 1330 servis
483 1290 527 1330 et
563 1290 663 1330 ante
701 1288 814 1331 dono
853 1288 994 1343 datas,
1033 1289 1107 1330 sed
1141 1287 1239 1331 ideo
1274 1291 1378 1330 tunc
1409 1289 1591 1344 largius,
1630 1289 1731 1344 quia

161 1346 284 1388 tenui
321 1347 408 1388 iam
445 1361 491 1388 re
529 1347 734 1390 familiari
772 1349 816 1389 et
851 1347 1114 1390 instantibus
1147 1347 1430 1390 creditoribus
1467 1349 1729 1390 testamento

163 1404 387 1447 diffideret.
450 1406 666 1448 enimvero
705 1407 906 1449 liberales
946 1420 1114 1462 semper
1151 1406 1300 1461 epulas
1336 1407 1558 1461 struxisse,
1595 1407 1731 1449 vitam

163 1478 388 1506 amoenam
421 1466 465 1506 et
496 1464 611 1506 duris
642 1465 855 1508 iudicibus
887 1480 1039 1520 parum
1070 1466 1312 1519 probatam.
1361 1465 1555 1508 fomenta
1585 1466 1730 1507 vulne-

93 1531 135 1564 15
162 1522 282 1565 ribus
313 1523 435 1565 nulla
465 1523 586 1565 iussu
619 1538 715 1579 suo,
755 1525 828 1566 sed
861 1525 961 1578 quia
992 1526 1134 1566 cetera
1169 1525 1314 1579 palam
1345 1539 1459 1566 vana
1490 1524 1731 1579 obiecisset,

163 1581 394 1637 adiungere
426 1582 604 1636 crimen,
642 1584 759 1625 euius
793 1597 837 1625 se
874 1583 1038 1637 pariter
1068 1583 1255 1625 indicem
1291 1584 1335 1625 et
1369 1585 1526 1625 testem
1557 1583 1729 1625 faceret.

164 1640 294 1682 adicit
326 1640 451 1682 dictis
486 1642 795 1698 constantiam3
827 1642 998 1683 incusat
1022 1642 1135 1683 ultro
1167 1642 1460 1683 intestabilem
1487 1644 1530 1684 et
1555 1655 1728 1684 consce-

163 1699 370 1752 leratum,
401 1702 527 1741 tanta
557 1700 674 1742 vocis
703 1714 752 1742 ac
778 1700 922 1742 vultus
952 1700 1199 1754 securitate,
1230 1702 1279 1742 ut
1310 1700 1479 1742 labaret
1508 1700 1730 1755 indicium,

162 1757 249 1799 nisi
291 1756 516 1799 Milichum
567 1773 674 1801 uxor
725 1759 1019 1801 admonuisset
1061 1758 1302 1801 Antonium
1344 1758 1549 1801 Natalem
1592 1759 1730 1801 multa

92 1826 136 1859 20
162 1831 259 1859 cum
286 1814 493 1859 Scaevino
526 1831 576 1859 ac
608 1819 774 1859 secreta
804 1818 1079 1860 conlocutum
1111 1820 1154 1860 et
1185 1831 1277 1860 esse
1308 1820 1512 1874 utrosque
1538 1817 1583 1860 O.
1609 1816 1729 1860 Piso·

162 1875 231 1917 nis
262 1875 453 1917 intimos.

93 698 150 741 55

164 2050 230 2084 das
255 2050 597 2095 Bevorstehende“,
622 2050 813 2096 abh'angig
837 2062 911 2087 von

163 2097 442 2142 suspicionibus.

981 2052 1047 2097 yit,
1072 2052 1221 2087 iuvante
1238 2050 1461 2096 Epaphrod‘
1476 2061 1497 2087 ο
1522 2063 1546 2087 α
1571 2051 1728 2096 libellis),

983 2109 1023 2134 so
1041 2098 1124 2134 liess
1150 2098 1216 2133 ihn
1236 2096 1438 2142 Domitian,
1491 2097 1525 2134 ei
1547 2098 1729 2134 welchem

983 2157 1023 2180 er
1035 2145 1204 2181 dasselbe
1218 2144 1308 2181 Amt
1319 2145 1550 2189 verwaltete,
1563 2144 1727 2181 him-ich-

981 2194 1057 2237 ten,
1083 2204 1147 2227 um
1172 2205 1216 2227 zu
1240 2192 1380 2238 zeigen,
1407 2191 1488 2228 dass
1509 2192 1569 2228 ein
1589 2191 1728 2228 Diener

981 2239 1139 2275 niemals
1163 2251 1248 2274 zum
1274 2239 1375 2275 'rode
1407 2239 1472 2275 des
1496 2238 1617 2275 Herm
1646 2239 1727 2275 bei-

981 2288 1113 2332 tragen
1138 2286 1255 2322 diirfe.

212 2171 267 2202 19.
310 2170 442 2203 metum
487 2168 668 2203 intentare
715 2167 767 2203 ist
815 2179 910 2203 neue

162 2213 319 2256 Phrase‚
358 2214 429 2250 wie
462 2219 495 2259 3,
522 2219 566 2250 28
598 2218 714 2251 terror
744 2216 911 2251 omnibus

162 2261 425 2297 intentabatur.

211 2376 273 2414 55.
315 2383 345 2414 1.
384 2377 442 2413 Da
479 2378 578 2414 Nero
615 2378 667 2413 im
697 2379 731 2415 J.
764 2383 809 2415 68
847 2380 914 2415 auf

164 2425 284 2461 seiner
314 2425 450 2460 Flucht
486 2426 583 2461 nach
621 2425 725 2462 Ostia
760 2426 800 2461 in
837 2427 911 2462 den

163 2473 277 2508 hortis
296 2472 516 2508 Servilianis
541 2473 720 2517 verwesst,
746 2485 786 2509 so
811 2477 909 2509 mfis-

164 2530 228 2554 sen
254 2519 353 2555 diese
380 2520 562 2555 zwischen
587 2520 682 2556 Rom
707 2521 784 2555 und
805 2521 910 2557 Ostia

165 2566 323 2612 gelegen
348 2567 482 2603 haben.

211 2641 243 2671 3.
276 2637 552 2681 Epaphroditus
582 2638 688 2673 hatte
723 2638 788 2673 das
821 2639 910 2674 Amt

164 2695 187 2719 a
213 2684 343 2719 libellis
372 2683 450 2718 und
481 2695 557 2719 war
584 2684 812 2730 Nachfolger
843 2685 908 2720 des

163 2730 215 2764 im
265 2730 297 2766 J.
338 2735 382 2766 62
425 2741 497 2766 von
541 2731 641 2766 Nero
684 2731 909 2777 vergifteten

163 2777 413 2822 Doryphorus.
461 2777 559 2813 Weil
590 2789 629 2813 er
660 2781 786 2824 spater
823 2779 908 2814 dem

164 2822 296 2858 Kaiser
315 2824 415 2860 beim
435 2823 688 2861 Selbstmorde
710 2825 907 2861 behilflioh

165 2881 242 2906 war
267 2871 421 2915 (Sueton
441 2875 485 2907 49
510 2873 649 2916 ferrum
673 2873 800 2918 iuyulo
825 2874 907 2909 ade-

1032 2361 1063 2392 ’1.
1098 2357 1204 2392 cuius
1240 2367 1393 2402 „wegen
1431 2356 1606 2402 dessen“,
1643 2356 1726 2392 eine

981 2405 1187 2450 pr'agnante
1213 2404 1493 2440 Konstruktion.

1031 2478 1086 2509 10.
1113 2475 1336 2511 incustodita
1367 2475 1486 2519 „ohne
1519 2473 1727 2510 Rficksicht

982 2521 1068 2557 auf“
1103 2521 1154 2557 ist
1184 2522 1223 2557 in
1254 2522 1395 2558 diesem
1421 2522 1533 2557 Sinne
1563 2518 1627 2556 ἅπ.
1656 2518 1724 2564 εἰρ.

983 2568 1094 2603 Sonst
1119 2568 1231 2604 heisst
1250 2580 1288 2604 es
1307 2569 1575 2614 „unbewacht“
1602 2571 1657 2611 13,
1677 2570 1723 2603 41

983 2615 1072 2651 oder
1079 2616 1369 2662 „unvorsichtig,
1379 2615 1613 2651 unbedacht“
1627 2618 1682 2660 12,
1689 2618 1724 2650 4.

982 2682 1026 2688 —
1059 2663 1134 2698 Der
1163 2664 1290 2698 Plural
1321 2664 1500 2700 libertates
1530 2662 1626 2698 auch
1662 2660 1724 2697 bei

980 2708 1135 2745 Plautus
1160 2710 1237 2745 und
1261 2710 1300 2745 in
1325 2711 1398 2746 den
1421 2709 1608 2754 Digesten.

1030 2784 1084 2815 17.
1115 2780 1335 2816 intestabilis
1369 2780 1461 2815 statt
1491 2779 1724 2824 detestabilis,

981 2827 1075 2862 auch
1114 2831 1146 2872 6,
1179 2831 1235 2862 40.
1267 2830 1324 2863 51.
1360 2826 1447 2862 hist.
1479 2830 1512 2870 4,
1542 2829 1587 2861 42
1623 2825 1723 2861 nach

981 2872 1124 2908 Sallust
1147 2874 1222 2909 und
1248 2873 1385 2909 Livius.
