1794 3106
597 120 745 156 LIBER
761 119 808 156 11.
852 119 954 156 CAP.
974 121 1127 155 54—56.

1557 117 1644 161 129

80 245 177 274 esse
221 229 488 272 Mithridatis
539 228 742 271 adversus
792 226 977 282 Sullam,
1019 226 1204 270 Antonii
1247 226 1450 270 adversus
1495 227 1640 270 divum

84 290 328 346 Augustum
360 288 512 332 socios.
567 288 700 330 etiam
723 289 869 330 vetera
893 287 1151 341 obiectabat,
1183 300 1292 342 quae
1316 286 1363 327 in
1386 285 1641 329 Macedones

79 349 350 404 inprospere,
381 348 592 390 violenter
630 347 675 390 in
707 361 807 390 suos
845 346 1068 401 fecissent,
1107 346 1295 388 offensus
1332 346 1429 387 urbi
1466 346 1643 401 propria

78 421 246 464 quoque
276 407 353 461 ira,
378 409 480 463 quia
505 406 790 462 Theophilum
817 405 1030 463 quendam
1057 404 1170 447 Areo
1203 404 1361 447 iudicio
1393 404 1493 447 falsi
1524 405 1643 447 dam-

79 469 228 509 natum
260 467 457 521 precibus
484 466 573 509 suis
605 480 691 508 non
724 465 1018 508 concederent.
1075 464 1173 507 exin
1204 465 1481 520 navigatione
1513 465 1643 507 celeri

79 540 156 582 per
182 525 389 582 Cycladas
417 529 459 568 et
485 525 739 581 compendia
764 526 897 567 maris
925 524 1174 581 adsequitur
1200 523 1503 567 Germanicum
1528 524 1642 579 apud
1667 557 1670 559 .

79 586 266 627 insulam
291 585 504 640 Rhodum,
534 585 650 627 haud
681 585 876 627 nescium
902 584 1058 639 quibus
1088 583 1448 626 insectationibus
1480 584 1642 639 petitus

79 644 210 687 foret:
243 644 318 687 sed
347 647 472 686 tanta
502 644 829 687 mansuetudine
861 643 1030 699 agebat,
1060 645 1119 695 ut,
1151 657 1248 685 cum
1281 645 1377 685 orta
1406 645 1643 698 tempestas

79 706 251 759 raperet
275 704 320 745 in
346 705 532 759 abrupta
555 706 788 759 possetque
812 703 1015 745 interitus
1040 702 1205 745 inimici
1234 702 1288 744 ad
1314 716 1462 744 casum
1481 702 1643 757 referri,

80 763 245 805 miserit
270 763 459 805 triremis
486 778 667 819 quarum
694 762 888 805 subsidio
915 762 1153 804 discrimini
1180 762 1448 804 eximeretur.
1503 775 1641 818 neque

78 825 221 864 tamen
265 823 488 878 mitigatus
521 822 641 877 Piso,
685 824 728 864 et
765 822 837 865 vix
876 821 961 863 diei
1004 836 1172 864 moram
1214 835 1442 877 perpessus
1486 821 1645 877 linquit

80 881 384 924 Germanicum
421 882 738 938 praevenitque.

806 884 849 923 et
885 883 1116 936 postquam
1149 880 1319 923 Suriam
1360 895 1409 923 ac
1446 881 1642 937 legiones

80 941 244 997 attigit,
277 941 517 997 largitione,
549 941 727 996 ambitu,
756 941 927 983 infimos
959 940 1294 996 manipularium
1318 940 1518 996 iuvando,
1544 954 1641 982 cum

76 1002 242 1042 veteres
275 1000 559 1056 centuriones,
591 1015 761 1043 severos
793 1000 991 1042 tribunos
1017 1000 1261 1042 demoveret
1286 1000 1464 1055 locaque
1491 1013 1639 1042 eorum
1680 1036 1682 1039 ,

77 1059 308 1102 clientibus
353 1060 441 1102 suis
473 1060 540 1102 vel
579 1060 807 1102 deterrimo
840 1059 991 1115 cuique
1013 1059 1310 1113 attribueret,
1352 1058 1562 1101 desidiam
1593 1058 1639 1100 in

77 1120 243 1173 castris,
274 1119 494 1161 licentiam
525 1119 571 1161 in
602 1120 794 1175 urbibus,
825 1132 986 1174 vagum
1012 1133 1060 1161 ac
1086 1118 1384 1160 lascivientem
1409 1133 1485 1173 per
1511 1132 1639 1174 agros

78 1178 263 1220 militem
283 1179 452 1232 sineret,
478 1193 527 1220 eo
553 1193 688 1234 usque
709 1178 997 1233 corruptionis
1023 1180 1252 1233 provectus
1273 1180 1350 1231 est,
1377 1180 1426 1220 ut
1445 1191 1641 1220 sermone

80 1238 200 1293 vulgi
224 1251 379 1293 parens
405 1238 626 1293 legionum
657 1237 899 1280 haberetur.
930 1252 1009 1279 nec
1035 1237 1242 1279 Plancina
1268 1251 1313 1279 se
1344 1237 1462 1279 intra
1487 1237 1642 1279 decora

77 1296 250 1339 feminis
281 1297 474 1352 tenebat,
513 1297 585 1339 sed
623 1298 825 1340 exercitio
866 1296 1078 1352 equitum,
1116 1296 1365 1339 decursibus
1398 1296 1643 1339 cohortium

78 1356 306 1410 interesse,
345 1357 391 1398 in
422 1356 730 1412 Agrippinam,
767 1357 811 1398 in
844 1355 1144 1398 Germanicum
1179 1356 1461 1398 contumelias
1492 1355 1644 1410 iacere,
1669 1363 1715 1396 25

79 1415 336 1471 quibusdam
362 1416 493 1458 etiam
518 1416 730 1458 bonorum
755 1416 942 1458 militum
968 1416 1022 1457 ad
1048 1415 1165 1458 mala
1185 1415 1395 1470 obsequia
1419 1415 1645 1471 promptis,

79 1475 195 1529 quod
225 1474 340 1517 haud
370 1475 504 1517 invito
530 1475 788 1530 imperatore
815 1490 866 1517 ea
898 1475 990 1517 fieri
1017 1475 1208 1518 occultus
1234 1489 1383 1517 rumor
1406 1475 1644 1518 incedebat.

78 1536 183 1576 nota
228 1534 334 1576 haec
367 1532 640 1586 Germanico,
681 1535 755 1576 sed
797 1534 1015 1591 praeverti
1053 1534 1107 1577 ad
1139 1534 1368 1576 Armenios
1410 1534 1646 1577 instantior

82 1607 186 1636 cura
217 1593 312 1636 fuit.

195 1652 416 1708 Ambigua
458 1666 562 1708 gens
609 1667 659 1695 ea
703 1653 941 1708 antiquitus
984 1653 1211 1696 hominum
1252 1652 1438 1709 ingeniis
1471 1654 1514 1695 et
1554 1652 1641 1695 situ
1658 1650 1717 1695 56

77 1713 307 1767 terrarum,
352 1713 556 1767 quoniam
598 1713 757 1755 nostris
795 1712 1027 1768 provinciis
1071 1713 1158 1754 late
1198 1714 1424 1769 praetenta
1467 1712 1639 1767 penitus

81 1771 134 1813 ad
158 1770 307 1813 Medos
333 1771 587 1827 porrigitur3
614 1772 897 1828 maximisque
928 1772 1121 1826 imperiis
1153 1772 1370 1814 interiecti
1401 1774 1444 1813 et
1469 1771 1640 1826 saepius

78 1829 295 1873 discordes
328 1833 446 1885 sunt,
479 1831 680 1873 adversus
706 1831 925 1874 Romanos
953 1831 1050 1874 odio
1078 1834 1122 1873 et
1152 1831 1198 1874 in
1229 1831 1438 1873 Parthum
1469 1831 1641 1873 invidia.

126 1962 158 1993 9.
207 1958 345 1993 Areum
375 1959 554 1994 iudicium
584 1959 635 1994 ist
665 1955 730 1994 ἅπ.
758 1957 825 2003 elo.

80 2006 175 2040 statt
188 2007 404 2050 Areopaqus
416 2005 506 2041 oder
518 2005 700 2041 vielmehr
707 2006 827 2041 Areus

74 2063 215 2098 Ραραε,
240 2053 411 2088 letzteres
434 2053 532 2088 nach
558 2053 642 2088 dem
667 2054 826 2098 griechi-

79 2099 192 2135 schen
210 2096 347 2145 ’Ἄρειος
370 2096 500 2146 πάγος.

129 2151 184 2183 12.
234 2148 424 2183 insectatio
458 2147 509 2182 ist
533 2147 824 2192 nachklassisch,

79 2198 158 2231 erst
182 2194 254 2230 seit
279 2194 406 2231 Livius
431 2195 708 2240 gebrauohlich.

129 2246 183 2278 16.
235 2243 380 2288 linquit,
406 2242 477 2278 wie
503 2246 535 2286 3,
561 2246 607 2278 46
633 2242 740 2288 quasi
763 2253 824 2278 ex-

0 2323 8 2338 ,
78 2290 217 2325 animes
255 2290 537 2335 linquebantur;
577 2291 654 2325 eret
682 2290 722 2325 in
753 2290 826 2326 den

80 2336 270 2373 Historien
289 2337 366 2372 und
385 2337 570 2381 Annalen,
595 2337 826 2383 keineswegs

0 2374 9 2385 ”
79 2384 325 2429 unklassisch,
339 2385 497 2420 sondern
517 2385 632 2420 sehon
645 2386 827 2421 zerstreut

0 2451 10 2467 r
81 2431 142 2468 bei
168 2431 296 2468 Cicero
321 2433 601 2468 vorkommend.

0 2489 7 2525 {J
128 2482 185 2516 22.
235 2473 335 2515 Uber
359 2490 398 2515 eo
422 2491 533 2525 usque
557 2480 628 2516 mit
652 2480 737 2515 dem
756 2479 826 2516 Ge-

0 2528 12 2571 {1
81 2526 183 2563 netiv
209 2539 236 2562 s.
262 2527 357 2562 Einl.
384 2531 414 2570 §-
441 2531 496 2563 41.

0 2578 11 2589 ³
129 2577 186 2610 24.
245 2575 455 2610 exercitium
484 2574 535 2610 ist
565 2574 626 2610 ein
656 2574 827 2610 militari-

0 2603 14 2667 ἦ
83 2621 189 2656 soher
200 2621 406 2665 Terminus,
419 2621 516 2657 fehlt
535 2621 624 2658 aber
642 2622 705 2658 bei
721 2621 827 2658 mas-

3 2670 11 2690 ’-
82 2667 206 2704 sikern
230 2669 307 2704 und
330 2668 467 2704 Livius.

125 2719 181 2753 26.
238 2716 313 2751 Der
351 2715 476 2751 Plural
519 2717 689 2762 obsequia
731 2717 827 2752 auch

83 2765 114 2807 l,
129 2766 197 2846 248Ο
206 2811 393 2857 praeverti
414 2828 459 2841 =
484 2794 655 2856 transire,
681 2811 827 2847 omissis

2 2883 4 2894 2
84 2856 178 2894 aliis.
222 2857 306 2903 Vgl.
332 2858 419 2895 Hor.
446 2858 516 2895 sat.
544 2862 580 2903 1,
607 2863 648 2903 3,
670 2861 714 2894 38
739 2859 828 2895 illuc

0 2903 9 2962 ,J-
79 2908 365 2949 praevertamur.
416 2904 516 2941 Curt.
543 2910 580 2951 6,
608 2911 628 2943 6
654 2907 704 2943 ad
729 2906 828 2942 Sati·

154 2969 222 2996 Tac.
242 2969 352 2997 Annal.
369 2971 395 2997 1.

899 1959 1092 1994 barzanem
1140 1959 1417 2003 opprimendum
1459 1960 1646 2004 praeverti

898 2007 1074 2047 optimum
1097 2009 1213 2041 ratus.
1250 2005 1403 2048 Quintil.
1427 2009 1481 2051 12,
1501 2010 1535 2050 2,
1555 2010 1578 2041 4
1596 2007 1647 2042 ad

898 2054 993 2088 illud
1016 2063 1164 2098 sequens
1182 2057 1409 2098 praevertar.

947 2116 1002 2147 29.
1052 2123 1145 2148 eura
1175 2115 1225 2147 est
1255 2112 1325 2146 mit
1356 2111 1440 2146 dem
1471 2111 1646 2157 Infinitiv,

901 2159 1016 2195 sehon
1043 2164 1062 2194 5
1088 2159 1166 2194 Mal
1190 2159 1251 2194 bei
1276 2158 1408 2203 virgil,
1435 2160 1530 2194 auch
1550 2159 1644 2195 Plin.

900 2218 958 2252 ep.
986 2211 1018 2251 7,
1046 2210 1090 2242 10
1113 2207 1184 2243 erit
1207 2206 1299 2242 mihi
1323 2217 1432 2242 curae
1457 2208 1647 2252 explorare

890 2255 1106 2300 provinciae
1117 2255 1348 2291 voluntatem.
1386 2254 1533 2290 Ebenso
1552 2254 1645 2290 kon-

898 2301 1051 2338 struiert
1074 2301 1227 2338 Tacitus
1258 2302 1391 2346 cupido
1415 2305 1466 2337 est
1502 2305 1562 2347 14,
1592 2305 1646 2338 14.

897 2350 994 2385 ratio
1019 2353 1069 2386 est
1093 2349 1182 2386 hist.
1209 2353 1242 2393 3,
1268 2353 1326 2384 22.

945 2406 1009 2445 56.
1038 2412 1068 2445 1.
1094 2399 1195 2444 Uber
1214 2395 1544 2444 Gross-Armenien
1568 2409 1644 2444 und

898 2455 958 2492 die
983 2456 1141 2491 Parther
1166 2468 1191 2492 s.
1218 2468 1263 2491 zu
1289 2467 1345 2501 cp.
1374 2460 1404 2491 1.

947 2519 980 2552 2.
1024 2518 1217 2561 praetenta
1254 2526 1328 2551 von
1362 2514 1428 2549 der
1461 2513 1645 2560 Ortslage,

899 2562 969 2599 wie
994 2563 1082 2599 hist.
1114 2566 1153 2606 2,
1180 2566 1200 2597 6
1233 2562 1413 2607 quidquid
1443 2564 1646 2597 castrorum

899 2610 1086 2645 Armeniis
1092 2610 1360 2655 praetenditur.
1381 2607 1429 2643 So
1438 2608 1646 2652 gebraucht

900 2656 1062 2701 Tacitus,
1081 2657 1151 2693 wie
1172 2657 1273 2692 seine
1287 2655 1551 2700 Zeitgenossen
1568 2656 1646 2691 und

902 2705 962 2740 die
975 2704 1140 2748 Dichter,
1160 2704 1257 2739 auch
1275 2703 1419 2739 obtendi
1436 2703 1513 2738 und
1532 2714 1644 2748 prae-

898 2752 985 2789 texi.

948 2815 980 2847 4.
1030 2811 1215 2847 Romanos
1240 2831 1284 2836 —
1310 2809 1499 2844 Parthum.
1549 2799 1649 2846 Uber

901 2859 972 2894 den
1007 2857 1184 2894 Wechsel
1220 2858 1285 2893 des
1320 2856 1504 2893 Numerus
1542 2868 1570 2894 ε.
1604 2869 1649 2892 zu

901 2918 958 2952 ep.
985 2910 1040 2942 60.

1342 2965 1362 2994 9
