1806 3120
586 108 735 145 LIBER
757 108 822 145 ΠΙ.
859 107 963 145 ΟΑΡ.
983 110 1136 144 51-54,

1567 107 1650 150 181

86 220 286 263 virorum»
321 218 569 261 inlustrium
611 218 826 272 posceret,
875 217 1096 271 postremo
1139 215 1307 257 litteras
1351 214 1406 256 ad
1455 216 1654 258 senatum
1680 225 1724 258 15

88 278 350 333 composuit,
381 290 563 332 quarum
595 275 811 317 sententia
841 274 888 316 in
918 274 1033 316 hunc
1063 273 1239 316 modum
1269 273 1364 315 fuit.

204 335 385 379 ‘Ceteris
414 335 600 377 forsitan
628 334 675 376 in
705 334 852 388 rebus,
888 335 1034 387 patres
1066 332 1317 386 conscripti,
1355 331 1498 388 magis
1530 345 1654 387 expe-
1667 331 1724 375 53

88 395 180 438 diat
218 410 286 437 me
325 408 471 437 coram
509 392 770 448 interrogari
807 394 849 433 et
885 391 1024 432 dicere
1063 390 1165 446 quid
1203 405 1225 432 e
1261 404 1308 432 re
1345 390 1520 445 publica
1557 404 1653 432 cen-

89 469 225 496 seam:
266 454 314 495 in
343 453 426 495 hac
455 451 670 493 relatione
702 449 902 492 subtrahi
933 450 1081 491 oculos
1112 463 1232 491 meos
1264 449 1418 490 melius
1455 448 1559 503 fuit,
1599 463 1653 491 ne

88 512 390 555 denotantibus
433 510 557 553 vobis
601 523 678 551 ora
721 523 770 550 ac
813 510 979 550 metum
1021 508 1310 564 singulorum,
1352 508 1427 562 qui
1466 507 1654 562 pudendi

88 572 215 614 luxus
253 571 552 626 arguerentur,
591 569 684 623 ipse
722 568 854 609 etiam
890 566 1081 610 viderem
1119 581 1193 609 eos
1232 581 1282 609 ac
1319 566 1438 608 velut
1475 565 1652 620 depren-
1679 575 1701 609 ὅ

88 630 244 673 derem.
305 627 419 684 quod
450 627 488 670 si
518 641 688 670 mecum
726 628 827 668 ante
863 626 946 668 viri
983 626 1168 677 strenui,
1204 625 1385 680 aediles,
1423 624 1655 668 consilium

85 689 356 741 habuissent,
395 686 540 729 nescio
581 701 637 728 an
678 694 884 727 suasurus
922 684 1079 726 fuerim
1117 684 1315 726 omittere
1352 684 1500 739 potius
1531 697 1654 739 prae-

87 746 233 791 valida
263 749 307 789 et
337 746 484 788 adulta
514 745 624 787 vitia
655 759 784 800 quam
815 743 898 786 hoc
930 743 1109 798 adsequi
1138 745 1186 785 ut
1215 743 1360 798 palam
1398 743 1522 785 fieret
1560 743 1655 798 qui-

88 807 170 850 bus
206 805 383 862 flagitiis
421 805 608 859 impares
648 817 852 845 essemus.

913 802 987 844 sed
1025 802 1091 844 illi
1130 802 1302 857 quidem
1341 801 1484 844 officio
1515 801 1656 844 functi

85 868 202 920 sunt,
233 868 283 907 ut
315 867 478 907 ceteros
511 877 680 919 quoque
712 862 994 918 magistratus
1027 876 1105 903 sua
1130 861 1279 903 munia
1303 861 1482 916 implere
1506 860 1656 903 velim:

90 924 199 968 mihi
223 926 366 966 autem
401 937 540 979 neque
574 922 805 964 honestum
837 921 964 963 silere
994 934 1134 976 neque
1164 919 1368 975 proloqui
1398 919 1656 975 expeditum,

95 984 198 1040 quia
237 998 327 1025 non
368 983 520 1025 aedilis
565 984 641 1023 aut
679 980 892 1036 praetoris
934 982 1010 1021 aut
1050 979 1241 1021 consulis
1278 979 1415 1034 partis
1453 979 1657 1021 sustineo.

90 1044 232 1086 maius
264 1042 428 1097 aliquid
460 1045 503 1084 et
535 1039 743 1083 excelsius
776 1054 802 1081 a
832 1039 1025 1095 principe
1055 1038 1321 1093 postulatur3
1352 1040 1396 1080 et
1421 1052 1517 1080 cum
1541 1039 1657 1080 recte

91 1102 306 1144 factorum
339 1100 422 1143 sibi
455 1100 636 1156 quisque
669 1098 856 1154 gratiam
885 1097 1080 1153 trahant,
1120 1097 1246 1140 unius
1284 1097 1448 1139 invidia
1478 1098 1533 1139 ab
1566 1111 1657 1139 om-

90 1161 220 1204 nibus
258 1162 468 1215 peccatur.
530 1158 633 1214 quid
670 1157 785 1199 enim
816 1157 1003 1212 primum
1034 1156 1263 1211 prohibere
1295 1158 1338 1198 et
1372 1156 1563 1211 priscum
1601 1155 1656 1197 ad

93 1234 258 1263 morem
288 1219 476 1261 recidere
514 1216 772 1272 adgrediar?
820 1216 1078 1258 villarumne
1108 1215 1281 1257 infinita
1312 1214 1483 1270 spatia?
1532 1214 1656 1256 fami-

91 1280 252 1322 liarum
283 1292 508 1320 numerum
539 1279 583 1318 et
612 1275 843 1318 nationes?
894 1275 1066 1331 argenti
1098 1276 1141 1316 et
1171 1274 1264 1316 auri
1294 1273 1495 1328 pondus?
1545 1273 1657 1315 aeris

91 1338 425 1392 tabularumque
468 1334 707 1378 miracula?
781 1334 1020 1389 promiscas
1063 1333 1169 1376 viris
1213 1335 1257 1375 et
1298 1332 1472 1374 feminis
1515 1335 1657 1374 vestes

94 1400 223 1454 atque
262 1397 338 1438 illa
376 1395 633 1438 feminarum
673 1393 867 1449 propria,
908 1392 1004 1448 quis
1043 1392 1237 1448 lapidum
1279 1406 1409 1434 causa
1447 1391 1657 1447 pecuniae

92 1460 268 1500 nostrae
301 1455 355 1498 ad
386 1457 587 1497 externas
619 1455 696 1495 aut
725 1452 900 1495 hostilis
932 1454 1083 1508 gentes
1115 1450 1466 1493 transferuntur?

211 1514 303 1558 Nec
332 1515 486 1570 ignoro
511 1513 559 1555 in
590 1511 797 1555 conviviis
825 1513 868 1553 et
893 1511 1063 1554 circulis
1087 1511 1276 1553 incusari
1300 1511 1387 1552 ista
1411 1512 1456 1552 et
1479 1509 1656 1552 modum
1670 1507 1728 1550 54

92 1574 237 1631 posci3
278 1573 351 1616 sed
389 1573 427 1616 si
464 1573 560 1629 quis
605 1572 748 1628 legem
787 1571 974 1625 sanciat,
1011 1584 1174 1626 poenas
1211 1570 1397 1624 indicat,
1436 1568 1551 1610 idem
1590 1568 1658 1609 illi

94 1634 314 1677 civitatem
338 1633 462 1688 verti,
494 1630 841 1687 splendidissimo
867 1629 1018 1685 cuique
1045 1628 1223 1671 exitium
1254 1628 1412 1684 parari,
1441 1627 1658 1670 neminem

96 1692 286 1736 criminis
307 1694 527 1748 expertem
552 1690 851 1733 clamitabunt.
894 1688 1016 1744 atqui
1045 1702 1099 1730 ne
1126 1688 1318 1743 corporis
1351 1686 1521 1742 quidem
1547 1700 1659 1728 mor-

94 1752 175 1795 bos
211 1754 378 1794 veteres
417 1753 460 1792 et
496 1750 569 1792 diu
600 1751 749 1791 auctos
785 1748 871 1790 nisi
910 1762 988 1803 per
1027 1747 1134 1790 dura
1172 1750 1216 1789 et
1252 1761 1406 1802 aspera
1443 1749 1659 1799 coerceas3
1685 1753 1706 1786 5

96 1812 326 1860 corruptus
365 1810 494 1852 simul
526 1811 569 1850 et
599 1809 844 1863 corruptor,
882 1821 1011 1863 aeger
1047 1809 1091 1848 et
1120 1806 1311 1862 flagrans
1343 1805 1513 1847 animus
1543 1803 1661 1846 haud

95 1870 332 1912 levioribus
360 1867 562 1911 remediis
584 1866 915 1922 restinguendus
939 1868 1004 1908 est
1026 1880 1155 1921 quam
1182 1864 1436 1907 libidinibus
1463 1863 1660 1906 ardescit.

146 1996 210 2032 53.
235 2000 269 2031 4.
295 1995 565 2037 denotantibus,
590 1992 756 2028 namlich
774 1993 846 2028 mit

100 2044 174 2080 den
198 2042 342 2088 Augen.
394 2041 468 2078 Cic.
495 2039 602 2076 catil.
631 2044 669 2084 1,
697 2045 713 2075 1
741 2043 846 2076 notat

99 2094 134 2127 et
158 2091 326 2136 desiynat
349 2089 464 2124 oculis
487 2090 537 2124 ad
556 2089 696 2124 caedem
714 2099 845 2123 unum-

100 2148 272 2184 quemque
296 2140 471 2172 nostrum.

154 2201 187 2233 ’1.
238 2195 392 2232 suadere
440 2194 511 2230 mit
554 2194 638 2229 dem
682 2193 846 2229 Infinitiv

97 2244 216 2279 findet
252 2243 332 2278 sich
366 2242 443 2277 erst
475 2241 515 2276 in
550 2241 621 2276 den
656 2240 844 2276 Annalen:

101 2295 165 2335 13,
191 2294 248 2326 37.
275 2293 337 2333 15,
363 2293 419 2324 63.
448 2292 509 2332 16,
535 2292 569 2324 9.
621 2287 744 2323 Schon
770 2287 845 2324 Cic.

98 2338 144 2374 de
169 2349 222 2374 or.
252 2341 270 2372 1
303 2341 334 2380 ς.
360 2340 429 2372 251
467 2346 571 2372 nemo
606 2335 764 2371 suaserit
800 2355 845 2361 -

99 2386 293 2421 elaborare.

148 2447 205 2480 14.
230 2443 303 2479 sibi
326 2443 469 2478 trahere
494 2440 598 2486 „sich
625 2440 845 2486 aneignen“,

99 2491 197 2527 auch
221 2491 259 2526 h.
287 2494 325 2534 3,
353 2493 418 2536 32⁹3,
442 2489 511 2524 wie
539 2492 577 2532 1,
604 2492 625 2523 2
651 2488 782 2523 munia
805 2488 848 2522 in

99 2549 136 2574 se
171 2538 324 2574 trahere,
379 2529 534 2571 Uberall
573 2535 711 2578 selten,
750 2534 848 2570 doch

100 2584 254 2620 ahnlich
278 2584 395 2620 sehon
419 2582 498 2619 Liv.
526 2587 558 2627 6,
584 2586 630 2618 40
655 2582 730 2617 ‘nisi
754 2593 847 2628 par-

100 2635 169 2668 tem
187 2632 343 2678 petendo
366 2634 482 2667 totum
506 2630 674 2666 traxeris.

150 2694 206 2726 17.
241 2691 425 2734 nationes,
461 2689 520 2724 die
555 2686 849 2724 verschiedenen

101 2737 255 2781 Volker,
275 2748 349 2773 von
368 2737 486 2772 denen
506 2735 567 2772 die
582 2735 746 2771 Sklaven
765 2734 850 2769 her-

103 2785 316 2820 stammten.
338 2787 394 2829 14,
402 2787 449 2819 44
461 2784 629 2820 nationes
640 2783 683 2818 in
694 2782 850 2825 familiis

102 2831 286 2876 habemus,
294 2831 426 2877 quibus
435 2831 572 2867 diversi
582 2831 689 2873 ritus,
700 2832 850 2864 externa

103 2888 210 2914 sacra
228 2882 294 2915 aut
311 2878 420 2914 nulla
437 2882 536 2914 swnt.
574 2876 643 2912 Die
665 2875 757 2912 Zahl
783 2876 849 2911 der

918 1992 1085 2028 Sklaven
1117 1990 1233 2027 belief
1267 1990 1346 2026 sich
1378 1990 1443 2026 bei
1476 1989 1662 2025 manchon

917 2038 1108 2075 Besitzern
1134 2038 1200 2073 auf
1223 2038 1392 2073 mehrere
1417 2036 1624 2072 Tausende.

968 2095 1022 2127 18.
1067 2091 1271 2136 promiscas
1295 2110 1342 2116 —
1366 2093 1484 2126 vestes.
1534 2090 1661 2125 Unan-

918 2138 1071 2184 standig
1088 2139 1148 2174 fur
1160 2138 1316 2173 Manner
1327 2148 1453 2173 waren
1473 2149 1517 2172 zu
1537 2136 1662 2172 dunno

919 2186 1023 2232 (halb
1042 2185 1336 2231 durchsichtige)
1355 2185 1431 2220 und
1454 2183 1662 2220 auffallcnd

919 2233 1090 2279 geffirbte
1116 2233 1278 2268 Kleider.
1456 2246 1458 2249 ·

969 2289 1023 2321 19.
1050 2286 1227 2331 lapidum.
1277 2285 1352 2320 Der
1376 2285 1494 2320 ’altere
1518 2283 1662 2319 Plinius

918 2333 1056 2369 taxiert
1081 2333 1141 2368 die
1167 2333 1399 2378 Smaragden
1427 2332 1504 2367 und
1528 2331 1663 2366 Perlen

919 2380 985 2415 der
997 2379 1122 2416 Lollia
1141 2379 1300 2415 Paulina
1319 2380 1385 2415 auf
1402 2383 1449 2415 40
1467 2377 1663 2413 Millionen

919 2427 1087 2463 Sesterze
1111 2427 1187 2462 und
1214 2428 1430 2472 behanptet,
1457 2424 1539 2460 dass
1559 2425 1665 2470 j'ahr-

919 2473 996 2510 lich
1018 2477 1084 2509 100
1104 2474 1299 2509 Millionen
1323 2474 1382 2508 fur
1400 2469 1666 2507 Luxusartikel

919 2521 1016 2557 nach
1041 2522 1126 2557 dem
1151 2520 1282 2556 Orient
1306 2520 1455 2566 gingen.

968 2578 1032 2615 54.
1058 2584 1091 2615 3.
1123 2580 1216 2615 verti
1240 2579 1335 2615 statt
1359 2578 1485 2621 everti,
1510 2576 1580 2612 wie
1606 2587 1662 2622 cp.

921 2630 977 2662 36.
1005 2631 1038 2670 2,
1058 2630 1103 2662 42
1128 2625 1207 2662 und
1231 2626 1337 2661 efter.

968 2683 1001 2714 4.
1035 2680 1140 2724 atqui
1169 2679 1237 2714 hat
1266 2677 1352 2714 Tac.
1378 2689 1448 2712 nur
1478 2677 1559 2712 hier
1588 2676 1666 2712 und

921 2728 1008 2772 Agr.
1030 2730 1076 2762 30
1096 2726 1209 2772 (nach
1227 2725 1462 2769 Vermutung
1483 2724 1548 2760 des
1567 2722 1666 2760 Rhe-

920 2785 1020 2862 na171u
1023 2775 1212 2862 Zirdescere
1232 2825 1325 2860 statt
1337 2825 1564 2861 exardescere
1577 2823 1668 2860 oder

922 2874 1070 2918 ardere;
1095 2886 1123 2910 s.
1143 2885 1186 2908 zu
1212 2883 1268 2918 cp.
1290 2876 1344 2908 17.

1682 872 1727 904 10

1684 1162 1727 1195 15

1681 1458 1729 1492 20
