1794 3126
183 91 270 132 212
610 90 842 127 CORNELII
867 91 1031 128 TAOITI
1057 92 1320 129 ANNALIUM

183 199 263 241 bus
297 199 407 242 servi
437 199 666 255 libertique
698 200 896 256 obligant
931 194 1126 256 brachia,
1164 204 1364 256 premunt
1396 203 1647 259 sanguinem
1677 205 1742 248 in-

185 259 347 300 certum
375 273 430 300 an
455 259 644 315 ignarae.
687 273 802 314 nam,
827 260 876 301 ut
901 261 966 302 est
987 260 1142 315 vulgus
1168 259 1221 301 ad
1246 260 1459 303 deteriora
1481 265 1747 320 promptum,

139 327 159 358 5
185 331 273 359 non
305 317 476 360 defuere
508 317 581 373 qui
606 317 838 373 crederent,
869 317 1002 360 donec
1029 318 1332 374 inplacabilem
1351 318 1567 363 Neronem
1592 321 1744 365 timue—

185 375 254 430 rit,
285 376 445 418 famam
472 377 660 419 sociatae
686 391 783 419 cum
809 377 966 419 marito
991 378 1144 420 mortis
1175 378 1390 434 petivisse,
1422 378 1572 422 deinde
1598 380 1744 424 oblata

185 435 354 477 mitiore
398 449 472 490 spe
520 435 825 477 blandimentis
868 435 981 477 vitae
1024 436 1223 493 evictam3
1274 436 1343 479 cui
1380 437 1544 480 addidit
1585 453 1746 493 paucos

185 496 334 548 postea
361 508 507 549 annos,
538 493 746 535 laudabili
769 493 814 534 in
839 494 1041 536 maritum
1066 495 1275 538 memoria
1299 498 1342 537 et
1367 510 1440 538 ore
1467 495 1517 539 ac
1541 498 1746 541 membris

185 553 230 594 in
261 567 357 595 eum
396 553 605 607 pallorem
637 552 900 606 albentibus,
938 555 986 594 ut
1017 554 1206 596 ostentui
1243 557 1358 596 esset
1388 555 1572 597 multum
1602 556 1746 599 vitalis

117 621 162 653 10
189 611 365 665 spiritus
392 612 596 666 egestum.
642 609 803 653 Seneca
829 610 1014 665 interim,
1045 611 1224 654 durante
1255 615 1398 655 tractu
1423 616 1467 655 et
1490 614 1748 658 lentitudine

187 669 351 724 mortis,
383 667 569 711 Statium
594 668 833 725 Annaeum,
864 669 935 711 diu
963 669 1045 711 sibi
1071 671 1282 713 amicitiae
1312 672 1396 714 fide
1423 675 1466 714 et
1494 675 1586 715 arte
1617 673 1748 717 medi-

188 728 307 770 cinae
337 728 581 783 probatum,
613 730 708 770 orat
737 728 959 783 provisum
990 729 1154 783 pridem
1185 743 1410 787 venenum,
1440 746 1524 787 quo
1557 731 1748 775 damnati

187 787 360 842 publico
392 786 722 829 Atheniensium
752 787 908 829 iudicio
942 787 1335 844 exstinguerentur,
1365 793 1597 846 promeret;
1635 791 1748 834 adla-

187 848 366 902 tumque
396 845 543 887 hausit
574 846 747 901 frustra,
777 845 960 902 fiigidus
991 846 1078 888 iam
1104 849 1224 888 artus
1251 849 1294 889 et
1324 847 1441 891 cluso
1466 863 1644 904 corpore
1676 849 1749 892 ad-

121 914 162 945 15
189 919 361 947 versum
392 905 479 946 vim
510 905 675 947 veneni.
723 907 942 960 postremo
976 907 1179 960 stagnum
1211 906 1373 948 calidae
1406 921 1541 963 aquae
1571 908 1753 964 introiit,

189 977 444 1019 respergens
475 963 693 1019 proximos
726 978 947 1006 servorum
980 963 1126 1005 addita
1157 979 1273 1020 voce,
1304 965 1440 1007 libare
1466 980 1510 1008 se
1541 967 1752 1022 liquorem

190 1022 314 1064 illum
339 1022 434 1065 Iovi
459 1023 696 1066 liberatori.
740 1023 840 1065 exin
865 1023 1021 1064 balneo
1047 1023 1209 1065 inlatus
1236 1026 1283 1066 et
1306 1039 1464 1079 vapore
1491 1025 1581 1067 eius
1608 1026 1750 1069 exani-

188 1083 344 1136 matus,
376 1082 468 1124 sine
499 1082 588 1124 ullo
620 1081 784 1124 funeris
812 1081 1012 1124 sollemni
1038 1084 1262 1124 crematur.
1305 1083 1367 1124 ita
1392 1083 1600 1126 codicillis
1631 1099 1751 1139 prae-

189 1140 435 1196 scripserat,
474 1155 570 1182 cum
610 1141 739 1182 etiam
777 1143 870 1183 tum
908 1140 1130 1196 praedives
1169 1143 1212 1183 et
1249 1144 1505 1197 praepotens
1544 1143 1754 1198 supremis

117 1209 163 1240 20
190 1199 277 1241 suis
310 1200 561 1242 consuleret.

118 1257 174 1299 65
307 1257 442 1301 Fama
466 1258 550 1300 fuit
570 1257 771 1300 Subrium
790 1258 969 1300 Flavum
995 1272 1091 1300 cum
1117 1259 1440 1302 centurionibus
1461 1260 1628 1304 occulto
1655 1275 1754 1304 con·

190 1317 299 1372 silio,
330 1332 468 1373 neque
498 1319 643 1360 tamen
674 1318 903 1373 ignorante
934 1315 1109 1373 Seneca,
1142 1317 1443 1373 destinavisse,
1474 1321 1523 1361 ut
1555 1321 1656 1374 post
1686 1333 1755 1363 oc-

189 1376 323 1418 cisum
356 1391 486 1431 opera
522 1376 691 1418 Pisonis
729 1375 947 1418 Neronem
978 1376 1078 1418 Piso
1117 1391 1286 1432 quoque
1323 1377 1634 1420 interficeretur
1669 1380 1756 1421 tra—

189 1435 444 1491 dereturque
492 1435 722 1491 imperium
773 1434 974 1490 Senecae,
1025 1436 1149 1491 quasi
1198 1436 1362 1478 insonti
1411 1438 1453 1479 et
1503 1437 1756 1479 claritudine

142 1503 163 1535 5
189 1493 397 1536 virtutum
430 1494 483 1536 ad
516 1509 733 1536 summum
770 1494 993 1550 fastigium
1032 1494 1208 1537 delecto.
1259 1495 1363 1549 quin
1401 1498 1444 1537 et
1474 1496 1605 1538 verba
1634 1495 1757 1539 Flavi

190 1553 498 1609 vulgabantur,
535 1568 624 1595 non
654 1553 811 1595 referre
844 1553 1058 1606 dedecori,
1090 1554 1125 1595 si
1157 1553 1428 1596 citharoedus
1460 1554 1757 1597 demoveretur

191 1613 234 1653 et
266 1612 495 1667 tragoedus
522 1612 777 1667 succederet,
810 1612 909 1666 quia
940 1613 989 1653 ut
1013 1610 1129 1654 Nero
1162 1611 1340 1667 cithara,
1370 1612 1432 1654 ita
1456 1611 1557 1655 Piso
1587 1613 1757 1669 tragico

192 1673 348 1713 ornatu
380 1671 573 1713 canebat.

314 1727 514 1772 Ceterum
553 1729 753 1771 militaris
799 1743 968 1784 quoque
1006 1729 1268 1784 conspiratio
1306 1744 1394 1772 non
1437 1730 1551 1773 ultra
1594 1730 1759 1786 fefellit,

194 1789 382 1830 accensis
415 1789 626 1831 indicibus
659 1788 713 1830 ad
744 1787 1010 1843 prodendum
1043 1788 1252 1830 Faenium
1283 1787 1464 1842 Rufum,
1502 1803 1628 1844 quem
1659 1803 1758 1832 eun-

124 1729 180 1771 66

241 1903 304 1940 64.
326 1908 358 1940 3.
374 1908 547 1949 premunt
567 1904 757 1951 „drangen
770 1905 942 1949 zun‘ick“,

194 1952 288 1987 statt
310 1952 524 1997 reprimunt.

242 2004 274 2034 9.
313 1997 390 2033 Der
427 1998 540 2035 Dativ
578 2000 734 2035 ostentui
771 1999 822 2034 ist
861 1998 943 2034 hier

195 2045 327 2081 anders
361 2046 567 2091 gebraucht
598 2046 654 2081 als
680 2047 797 2092 sonst,
830 2046 878 2081 da
904 2057 943 2081 er

194 2091 304 2128 keine
330 2090 490 2128 Absicht
519 2093 619 2128 beim
645 2092 781 2138 Zeigen
806 2093 942 2128 audeu-

195 2141 261 2175 tet.
282 2139 366 2185 Vgl.
379 2139 549 2185 dagegcn
561 2152 606 2175 zu
617 2140 687 2185 ΚΡ.
699 2144 744 2176 29
755 2151 816 2176 am
827 2140 942 2175 Ende.

246 2190 299 2222 10.
326 2188 462 2222 durare
498 2188 686 2231 ‚,dauern“
717 2188 788 2223 wie
816 2191 871 2231 14,
899 2191 943 2222 39

197 2234 354 2270 durante
379 2235 477 2269 bello.
514 2255 558 2259 —
590 2238 712 2270 tractu
741 2245 828 2270 vom
853 2233 943 2269 Hin-

197 2281 337 2325 halten,
361 2281 505 2326 zegern
523 2293 593 2316 nur
612 2281 693 2316 hier
710 2282 786 2316 und
806 2282 877 2326 ΚΡ.
900 2285 944 2316 10

198 2328 297 2363 eludi
329 2327 490 2363 Parthus
527 2331 648 2364 tractu
679 2329 763 2363 belli
787 2332 944 2373 poterat.

248 2379 302 2410 13.
318 2375 509 2419 publicum
528 2376 707 2410 iudicium
722 2375 945 2420 „Kriminal-

198 2422 380 2468 gericht“.
396 2442 440 2448 —
461 2422 535 2458 Das
554 2422 634 2458 Gift
651 2423 702 2457 ist
721 2422 782 2458 ein
795 2421 946 2458 Dekokt

199 2480 266 2504 aus
297 2469 369 2504 den
400 2469 537 2504 Bh‘iten
570 2469 646 2504 und
677 2469 846 2505 Blattern
881 2469 945 2505 des

198 2515 529 2561 Landschierlings
573 2516 742 2561 (Conium
784 2517 946 2552 macula.-

197 2565 280 2598 tum
305 2563 367 2606 L..
394 2563 454 2598 bei
477 2563 573 2599 Plin.
599 2567 644 2598 25
670 2567 700 2606 ξ.
729 2567 794 2599 151
826 2564 947 2599 cicuta

200 2612 391 2656 genannt).

251 2661 305 2692 14.
332 2660 437 2692 artus
461 2657 511 2693 ist
533 2656 661 2693 Aecus.
688 2669 852 2703 graecus,
879 2657 947 2693 wie

203 2709 235 2748 6,
256 2708 276 2738 9
302 2705 395 2740 clari
420 2715 542 2749 yenus.
569 2705 654 2740 hist.
674 2709 707 2750 4,
728 2708 771 2740 81
798 2716 948 2740 manum

203 2762 316 2796 aeyer.
351 2750 384 2787 S.
411 2751 509 2786 Einl.
537 2755 567 2794 ἓ.
595 2755 651 2788 24.
680 2773 722 2778 —
748 2752 817 2787 Die
836 2752 947 2787 Form

203 2798 344 2834 eludere
369 2800 464 2834 statt
487 2799 654 2835 claudere
678 2799 728 2834 ist
751 2798 947 2835 nachklas-

204 2844 304 2880 sisch
341 2845 416 2879 und
455 2846 550 2895 auch
587 2846 649 2882 bei
684 2847 771 2882 Tac.
811 2846 946 2882 selten:

1015 1904 1103 1940 dial.
1136 1908 1192 1940 30.
1225 1908 1282 1940 35.
1326 1903 1447 1940 Germ.
1481 1908 1538 1942 34.
1570 1907 1627 1941 45.
1670 1904 1758 1942 hist.

1040 1979 1120 2033 '15.
1145 2002 1316 2045 staynum
1340 1998 1391 2034 ist
1422 1998 1504 2034 hier
1529 1998 1611 2034 eine
1637 1997 1760 2044 grosse

1014 2045 1251 2081 Badewanne
1270 2046 1360 2081 oder
1378 2045 1439 2081 ein
1457 2045 1598 2082 kleines
1617 2045 1760 2092 Bassia,

1015 2092 1085 2128 wie
1107 2092 1190 2128 Sen.
1212 2103 1269 2138 ep.
1291 2096 1370 2137 122,
1391 2097 1412 2128 9
1438 2093 1596 2129 calentia
1617 2096 1673 2129 sta
1727 2104 1763 2129 a.

1066 2143 1120 2175 17.
1146 2140 1231 2175 Iovi
1249 2140 1446 2176 liberatori.
1482 2138 1626 2176 Anders
1645 2139 1676 2175 T
1704 2150 1762 2176 ra.-

1017 2197 1097 2231 sea,
1129 2187 1195 2222 der
1224 2187 1295 2223 mit
1326 2187 1397 2222 den
1421 2187 1577 2222 Worten
1608 2187 1765 2223 libamus

1017 2234 1101 2270 Iovi
1121 2234 1183 2269 lib.
1203 2234 1281 2270 sein
1299 2234 1389 2269 Blut
1406 2233 1616 2280 verspritzt.
1639 2237 1695 2280 16,
1704 2237 1762 2270 85.

1065 2327 1130 2363 65.
1162 2331 1196 2363 4.
1228 2329 1335 2373 quasi
1365 2329 1505 2364 insonti
1536 2328 1617 2373 „als
1642 2327 1764 2364 einem

1018 2374 1384 2419 Unbescholtenen“,
1409 2386 1486 2411 was
1512 2386 1552 2410 er
1576 2374 1616 2410 in
1639 2373 1762 2411 Beck-

1018 2421 1115 2457 sicht
1139 2421 1204 2457 auf
1228 2422 1307 2457 sein
1325 2422 1565 2458 Privatleben
1588 2421 1760 2458 wirklich

1018 2479 1106 2504 war.

1067 2520 1099 2551 6.
1126 2516 1298 2552 dedecori.
1331 2515 1406 2552 Der
1424 2516 1549 2562 Dativ,
1577 2516 1646 2552 den
1666 2516 1764 2552 auch

1018 2563 1174 2598 Plautus
1194 2562 1271 2598 und
1283 2563 1404 2599 Horaz
1422 2563 1484 2599 bei
1503 2563 1614 2607 refert
1631 2563 1766 2609 haben,

1020 2610 1123 2645 steht
1147 2610 1207 2645 fiir
1231 2611 1282 2646 ad
1299 2611 1450 2647 dedecus
1467 2609 1543 2646 und
1567 2609 1764 2647 bedentet:

1019 2657 1078 2692 fiir
1104 2656 1164 2693 die
1184 2656 1354 2693 Schande
1374 2658 1427 2693 sei
1446 2668 1484 2693 es
1509 2667 1604 2703 ganz
1626 2657 1763 2703 gleich‚

1020 2704 1080 2739 die
1106 2704 1275 2740 Schande
1300 2704 1423 2741 bleibe
1447 2704 1627 2748 dieselbe‚
1654 2715 1762 2742 wenn

1019 2763 1054 2787 u.
1081 2763 1108 2786 s.
1134 2764 1179 2787 w.

1066 2844 1129 2881 66.
1162 2849 1194 2882 2.
1226 2845 1414 2882 accendere
1438 2846 1530 2882 statt
1561 2847 1761 2891 incendere,
