1786 3094
117 1090 172 1133 73

181 94 238 142 '88
615 100 845 139 CORNELII
871 100 1033 138 'mom
1056 101 1318 138 ANNALIUM

1765 27 1786 118 s

186 208 233 250 in
266 210 362 251 acta
394 224 471 251 sua
501 209 636 252 iurari
663 225 921 267 quamquam
947 212 1147 253 censente
1172 212 1325 253 senatu
1350 211 1559 267 permisit,
1589 213 1742 255 cuncta

140 277 162 308 ὅ
187 267 434 309 mortalium
476 268 638 310 incerta
682 273 928 325 quantoque
973 269 1068 324 plus
1120 269 1299 325 adeptus
1348 270 1478 324 foret,
1527 271 1652 313 tanto
1697 285 1742 314 se

187 326 327 380 magis
368 327 413 368 in
453 327 619 370 lubrico
661 328 874 371 dictitans.
935 342 1022 370 non
1062 330 1207 370 tamen
1251 328 1346 370 ideo
1389 327 1578 371 faciebat
1613 329 1742 372 fidem

189 383 329 427 civilis
375 386 527 441 animi3
572 401 673 428 nam
717 388 856 442 legem
901 386 1137 428 maiestatis
1182 386 1432 441 reduxerat,
1475 387 1543 429 cui
1587 402 1745 430 nomen

189 443 300 498 apud
339 446 504 486 veteres
545 445 680 499 idem,
726 445 800 488 sed
838 446 922 488 alia
959 446 1005 487 in
1041 444 1245 487 iudicium
1284 445 1530 499 veniebant,
1570 446 1608 488 si
1648 446 1744 501 quis

188 502 431 557 proditione
472 504 705 545 exercitum
745 507 820 546 aut
855 504 1025 559 plebem
1069 503 1368 555 seditionibus,
1411 503 1593 560 denique
1633 505 1746 547 male

120 570 166 603 10
191 563 316 615 gesta
345 575 391 603 re
428 562 599 616 publica
635 563 908 605 maiestatem
946 563 1096 618 populi
1126 562 1310 604 Romani
1348 562 1590 605 minuisset:
1631 563 1746 606 facta

191 620 499 675 arguebantur,
537 621 653 663 dicta
689 622 847 676 inpune
886 625 1019 664 erant.
1080 622 1244 676 primus
1275 620 1500 676 Augustus
1538 622 1748 676 cognitio-

188 691 288 720 nem
322 678 372 720 de
403 679 581 721 famosis
614 680 770 722 libellis
804 680 945 736 specie
976 680 1084 735 legis
1118 680 1208 722 eius
1246 679 1470 731 tractavit,
1508 683 1747 723 commotus

190 735 335 779 Cassii
354 736 501 780 Severi
525 738 714 794 libidine,
741 754 824 794 qua
843 740 959 782 viros
985 739 1250 794 feminasque
1270 739 1474 780 inlustres
1493 739 1746 794 procacibus

191 796 365 850 scriptis
386 796 701 852 diffamaverat3
727 813 826 840 mox
846 798 1055 853 Tiberius,
1082 798 1354 840 consultante
1375 797 1579 852 Pompeio
1599 797 1746 840 Macro

120 864 164 896 16
191 857 408 910 praetore,
447 870 500 896 an
537 856 696 898 iudicia
728 857 966 898 maiestatis
1003 856 1298 910 redderentur,
1337 856 1591 898 exercendas
1629 857 1747 912 leges

188 927 280 955 esse
301 913 534 967 respondit.
565 914 680 957 hunc
700 929 869 970 quoque
890 929 1140 970 asperavere
1160 915 1349 957 carmina
1367 914 1542 957 incertis
1562 913 1746 957 auctori-

187 971 268 1013 bus
300 972 478 1027 vulgata
509 972 553 1014 in
586 973 809 1015 saevitiam
843 974 1171 1029 superbiamque
1198 974 1288 1015 eius
1315 976 1358 1015 et
1383 973 1623 1016 discordem
1648 988 1746 1016 cum

184 1033 323 1072 matre
355 1031 560 1073 animum.

306 1088 433 1131 Haud
466 1090 635 1145 pigebit
665 1091 823 1133 referre
854 1091 900 1132 in
925 1090 1108 1133 Falanio
1141 1093 1184 1133 et
1209 1090 1385 1145 Rubrio,
1416 1090 1596 1132 modicis
1628 1090 1745 1145 equi-

187 1148 307 1191 tibus
333 1148 555 1203 Romanis,
586 1152 906 1205 praetemptata
933 1149 1125 1204 crimina,
1155 1151 1204 1191 ut
1230 1149 1385 1204 quibus
1411 1149 1559 1204 initiis,
1585 1150 1749 1203 quanta

190 1207 353 1249 Tiberii
392 1211 484 1250 arte
522 1209 829 1264 gravissimum
868 1209 1047 1251 exitium
1083 1208 1331 1263 inrepserit,
1371 1208 1468 1250 dein
1505 1221 1748 1262 repressum

190 1267 263 1319 sit,
294 1268 513 1321 postremo
546 1267 701 1309 arserit
733 1271 971 1322 cunctaque
1005 1267 1271 1322 corripuerit,
1303 1270 1520 1310 noscatur.
1569 1265 1749 1308 Falanio

143 1336 163 1368 5
193 1325 410 1368 obiciebat
453 1329 693 1382 accusator,
744 1327 856 1381 quod
910 1327 1022 1368 inter
1065 1326 1250 1368 cultores
1294 1324 1501 1380 Augusti,
1551 1324 1624 1380 qui
1674 1338 1751 1379 per

149 1391 152 1393 ’
190 1398 338 1427 omnes
384 1384 533 1427 domos
577 1384 623 1426 in
665 1385 839 1427 modum
885 1384 1165 1439 collegiorum
1214 1384 1502 1438 habebantur,
1550 1382 1749 1425 Cassium

189 1443 403 1498 quendam
444 1443 622 1485 mimum
665 1458 843 1499 corpore
880 1443 1084 1486 infamem
1123 1443 1377 1484 adscivisset
1413 1442 1611 1497 quodque
1648 1456 1748 1484 ven-

189 1502 292 1544 ditis
332 1502 471 1544 hortis
512 1504 699 1544 statuam
732 1502 920 1557 Augusti
954 1502 1083 1544 simul
1115 1501 1414 1555 mancipasset.
1474 1500 1640 1543 Rubrio
1671 1500 1750 1543 cri-

189 1561 298 1602 mini
345 1561 527 1603 dabatur
569 1561 777 1603 violatum
824 1561 1012 1616 periurio
1056 1575 1215 1602 numen
1257 1559 1457 1615 Augusti.

122 1631 166 1663 10
194 1619 368 1662 Tiberio
393 1621 584 1674 notuere,
611 1620 785 1674 scripsit
811 1620 1060 1662 consulibus
1080 1633 1166 1661 non
1186 1618 1282 1660 ideo
1303 1618 1519 1661 decretum
1539 1618 1653 1672 patri
1673 1631 1752 1660 suo

189 1743 236 1782 τὰ
290 1743 359 1782 ὑπ’
406 1744 555 1782 ἐκείνου
605 1744 803 1792 γενόμενα.
871 1746 936 1782 καὶ

189 1793 301 1830 τοῦτο
329 1793 393 1829 καὶ
406 1794 476 1829 νῦν
499 1791 560 1829 ἐπὶ
579 1794 672 1829 πᾶσι
690 1797 767 1834 τοῖς
786 1791 827 1828 τὸ
848 1791 935 1836 κρά-

161 1848 165 1849 ’
189 1854 251 1882 τος
277 1837 342 1876 ἀεὶ
372 1842 539 1886 ἴσχουσιν
571 1836 594 1885 ἢ
627 1841 692 1876 καὶ
727 1837 788 1875 ἐπ’
817 1837 935 1875 αὐτοῦ

188 1900 279 1923 ποτε
306 1887 521 1934 γενομένοις
545 1887 610 1923 καὶ
636 1885 685 1933 μὴ
711 1884 935 1932 ἀτιμωθεῖσι

190 1936 368 1981 γίγνεται.

238 1991 271 2023 4.
295 1989 464 2033 permitto
482 1988 552 2023 mit
571 1985 701 2023 Aecus.
717 1998 746 2022 c.
759 1987 824 2022 inf.
839 1986 936 2022 auch

193 2039 248 2079 14,
269 2038 311 2070 12
338 2047 374 2071 u.
394 2035 500 2071 often
550 2034 604 2070 Ist
628 2033 875 2070 unklassisch.

239 2092 270 2124 7.
315 2088 389 2123 Der
430 2088 622 2133 Ursprung
665 2087 730 2122 der
771 2085 935 2132 republi-

189 2135 395 2170 kanischen
438 2135 494 2170 lex
537 2135 736 2170 maiestatis
778 2134 828 2169 ist
869 2144 935 2168 un-

190 2182 368 2217 bekannt.

241 2238 296 2269 10.
334 2234 375 2268 In
409 2234 598 2268 minuisset
630 2232 726 2278 liegt
755 2233 836 2269 hier
870 2233 936 2268 der

193 2280 417 2326 allgemeine
443 2279 587 2325 Begriff
607 2280 869 2324 „schadigen“.

243 2337 297 2368 11.
323 2334 463 2377 inpune
481 2332 582 2367 beim
595 2332 760 2367 Verbum
779 2344 851 2368 esse
869 2333 937 2368 hat

195 2381 290 2416 auch
326 2379 471 2423 Livius,
515 2380 642 2415 Cicero
683 2392 752 2414 nur
788 2380 827 2414 in
865 2380 937 2415 den

195 2427 359 2471 Briefen3
403 2427 571 2472 h'aufiger
608 2426 678 2461 mit
714 2426 938 2462 transitiven

193 2474 447 2518 Zeitworterm
467 2474 537 2509 wie
561 2474 692 2518 facere,
716 2474 820 2518 serre,
846 2474 936 2509 occi-

193 2522 284 2565 dere,
309 2521 448 2557 habere.

244 2578 299 2610 13.
332 2573 477 2609 Cassius
504 2573 661 2609 Severus
692 2573 792 2609 lebte
818 2574 890 2608 seit
915 2577 936 2609 8

195 2633 230 2656 n.
242 2620 326 2656 Chr.
343 2621 382 2656 in
402 2620 728 2665 derVerbannung
746 2619 815 2655 auf
822 2619 939 2655 Kreta

195 2668 268 2703 und
294 2667 396 2703 ward
428 2667 479 2702 im
505 2667 537 2702 J.
558 2671 603 2702 24
628 2668 724 2702 nach
750 2668 816 2703 der
840 2667 939 2702 Insel

197 2714 372 2760 Seriphus
403 2714 623 2760 verwiesen,
655 2725 713 2750 wo
745 2724 785 2749 er
816 2717 860 2749 33
886 2714 938 2749 im

194 2761 335 2796 Elende
361 2761 474 2796 starb.

247 2817 300 2847 14.
327 2814 520 2857 diffamare
547 2814 606 2849 bei
627 2813 722 2849 Ovid
748 2813 823 2848 und
852 2813 940 2857 Spa-

200 2860 315 2895 teren.
337 2880 380 2885 ——
405 2860 602 2906 Pompejus
621 2859 747 2896 Macer
771 2860 864 2895 wird
889 2859 940 2894 im

1526 1573 1635 1614 quae
1677 1558 1751 1601 ubi

1007 1747 1040 1782 J.
1055 1749 1100 1781 33
1116 1746 1226 1781 nebat
1240 1745 1380 1780 seinem
1393 1745 1510 1780 Vater
1531 1745 1648 1780 durch
1667 1743 1752 1780 eine

1007 1793 1180 1837 Anklage
1194 1804 1278 1827 zum
1295 1791 1529 1828 Selbstmord
1547 1791 1752 1837 gettieben.

1057 1848 1112 1880 17.
1139 1845 1208 1880 Die
1221 1844 1494 1880 Konstruktion
1509 1845 1649 1879 discors
1668 1854 1750 1879 cum

1008 1893 1131 1937 aliquo
1155 1891 1222 1927 hat
1246 1893 1370 1926 zuerst
1393 1891 1473 1927 Liv.
1494 1894 1527 1936 2,
1547 1895 1592 1926 23
1620 1891 1751 1926 civitas

1007 1950 1126 1976 secum
1149 1939 1233 1984 ipsa
1257 1939 1404 1974 discors.

1059 1991 1118 2028 73.
1152 1995 1184 2026 2.
1210 1993 1492 2036 praetemptare,
1524 1989 1751 2026 dichterisch

1008 2039 1084 2074 und
1117 2037 1413 2081 nachklassiscb‚
1450 2037 1547 2072 auch
1579 2038 1669 2081 Agr.
1704 2040 1752 2072 20

1008 2086 1194 2122 aestuaria
1228 2095 1272 2120 ae
1303 2086 1415 2120 silvas
1445 2085 1522 2129 ipse
1549 2087 1751 2129 praetemp-

1007 2137 1094 2169 tare.
1132 2133 1168 2168 h.
1188 2136 1222 2177 2,
1241 2135 1298 2167 49.

1055 2189 1087 2221 3.
1118 2195 1320 2230 repressum
1343 2185 1401 2219 sit.
1446 2183 1514 2218 Die
1539 2183 1751 2229 Majestfits-

1007 2243 1174 2278 prozesse
1194 2231 1330 2266 ruhten
1349 2232 1457 2266 unter
1477 2230 1656 2268 Claudius
1673 2229 1751 2266 und

1009 2279 1047 2315 in
1062 2279 1135 2314 den
1148 2279 1272 2313 ersten
1285 2277 1374 2313 aoht
1385 2276 1752 2324 Regierungsjahren

1009 2327 1073 2362 des
1099 2326 1207 2362 Nero.

1057 2382 1089 2414 5.
1109 2388 1178 2423 per
1202 2387 1322 2413 omnes
1347 2377 1478 2412 domos.
1511 2376 1587 2412 Der
1603 2375 1751 2412 Privat-

1009 2426 1136 2461 kultus
1161 2424 1227 2460 der
1248 2423 1476 2459 vornehmen
1495 2422 1678 2459 Familien
1702 2421 1754 2458 ist

1009 2471 1184 2518 gemeint.

1057 2528 1089 2561 9.
1127 2523 1214 2558 Mau
1250 2523 1389 2568 pflegte
1428 2523 1532 2558 sonst
1567 2521 1637 2557 bei⁴
1665 2521 1751 2558 dem

1009 2570 1153 2606 Namen
1203 2569 1266 2604 des
1315 2569 1556 2614 regierenden
1601 2567 1751 2604 Kaisers

1010 2618 1098 2654 oder
1122 2616 1183 2652 bei
1208 2616 1273 2651 der
1298 2616 1463 2652 Fortuna
1488 2615 1683 2651 desselben
1706 2627 1752 2650 zu

1009 2665 1211 2701 schworen.

1061 2720 1113 2753 10.
1139 2704 1325 2759 notescertr,
1345 2715 1472 2750 frfiher
1484 2726 1554 2750 nur
1566 2714 1628 2750 bei
1641 2713 1752 2750 Dich-

1012 2766 1104 2809 tern,
1135 2763 1202 2798 hat
1233 2762 1384 2798 Tacitus
1415 2762 1492 2797 erst
1516 2762 1555 2796 in
1580 2761 1651 2797 den
1675 2762 1750 2796 An·
1783 2787 1786 2805 a

1011 2810 1414 2847 nalem—consulibus.
1441 2809 1630 2853 Augustus
1643 2808 1751 2843 hatte
1779 2808 1782 2809 ’

1013 2859 1096 2893 dem
1131 2856 1265 2893 Senate
1303 2855 1362 2891 die
1393 2853 1752 2901 Kriminaljurisdik·
1776 2869 1786 2900 χ
