1806 3120
147 218 204 262 86

147 690 203 733 87

154 1103 210 1146 88

145 1643 192 1676 10

217 109 301 151 146

644 108 870 146 CORNELII
893 107 1053 145 TACITI
1079 108 1337 145 ANNALIUM

333 218 439 260 Post
477 232 583 273 quae
622 218 774 260 retulit
804 217 960 261 Caesar
1000 217 1249 272 capiendam
1287 217 1498 274 virginem
1537 219 1582 261 in
1621 218 1763 262 locum

221 276 385 332 Occiae,
417 291 524 332 quae
550 279 712 332 septem
745 280 787 319 et
819 276 1131 332 quinquaginta
1154 290 1230 331 per
1255 290 1391 319 annos
1417 292 1584 319 summa
1609 279 1764 321 sancti-

218 337 363 379 monia
394 335 644 378 Vestalibus
687 336 817 378 sacris
860 336 1149 391 praesederat3
1193 335 1364 391 egitque
1408 336 1542 391 gratis
1585 335 1766 380 Fonteio

217 395 436 452 Agrippae
468 397 511 437 et
540 394 732 437 Domitio
764 394 966 450 Pollioni,
1006 394 1119 450 quod
1157 394 1368 437 offerendo
1399 394 1510 437 filias
1541 395 1592 436 de
1624 395 1765 439 officio

174 464 195 496 5
220 454 266 497 in
301 469 391 497 rem
427 454 644 509 publicam
682 455 907 495 certarent.
966 453 1161 508 praelata
1198 456 1263 495 est
1292 453 1499 496 Pollionis
1534 454 1643 509 filia,
1677 469 1765 498 non

220 513 275 556 ob
307 513 422 556 aliud
454 527 582 568 quam
614 512 728 567 quod
759 514 895 554 mater
926 511 1016 553 eius
1048 512 1094 553 in
1124 511 1272 554 eodem
1311 513 1508 568 coniugio
1545 513 1766 569 manebat3

217 587 318 615 nam
344 571 539 627 Agrippa
570 570 749 613 discidio
782 571 954 613 domum
984 570 1268 613 imminuerat.
1317 574 1360 613 et
1386 570 1544 614 Caesar
1569 573 1766 627 quamvis

218 631 514 687 posthabitam
546 629 713 671 deciens
745 629 932 672 sestertii
963 628 1063 671 dote
1096 630 1257 672 solatus
1289 634 1366 672 est.

337 688 570 732 Saevitiam
601 703 796 731 annonae
827 689 1049 731 incusante
1088 689 1214 743 plebe
1245 689 1396 731 statuit
1426 689 1641 732 frumento
1671 703 1765 745 pre-

217 749 345 803 tium,
386 747 497 803 quod
529 749 698 803 emptor
726 747 945 802 penderet,
981 747 1187 802 binosque
1217 762 1414 790 nummos
1447 762 1491 790 se
1523 749 1765 791 additurum

219 807 565 862 negotiatoribus
596 810 643 848 in
674 806 868 862 singulos
901 806 1078 848 modios.
1125 821 1262 861 neque
1291 809 1437 850 tamen
1462 807 1517 849 ob
1544 822 1593 849 ea
1616 822 1767 863 paren-

220 867 277 909 tis
308 867 472 921 patriae
504 865 694 907 delatum
732 868 775 907 et
811 866 938 907 antea
974 865 1230 907 vocabulum
1268 866 1493 921 adsumsit,
1530 867 1766 922 acerbeque

171 936 192 968 5
217 926 429 980 increpuit
471 939 564 978 eos,
607 924 680 979 qui
723 924 889 966 divinas
933 923 1232 978 occupationes
1277 924 1501 980 ipsumque
1545 925 1765 968 dominum

218 984 424 1026 dixerant.
483 983 595 1025 unde
633 985 815 1039 angusta
855 985 898 1024 et
935 982 1101 1024 lubrica
1141 983 1277 1025 oratio
1319 984 1398 1025 sub
1439 984 1650 1040 principe,
1692 985 1766 1040 qui

215 1043 459 1086 libertatem
491 1042 728 1097 metuebat,
760 1041 1047 1084 adulationem
1082 1041 1239 1084 oderat.

340 1101 523 1158 Reperio
550 1101 661 1156 apud
688 1102 918 1156 scriptores
944 1102 1244 1155 senatoresque
1270 1100 1497 1142 eorundem
1522 1103 1765 1157 temporum

218 1160 524 1217 Adgandestrii
548 1160 754 1215 principis
780 1158 1035 1202 Chattorum
1059 1160 1192 1202 lectas
1217 1159 1263 1201 in
1289 1161 1439 1201 senatu
1464 1160 1644 1215 litteras,
1675 1161 1766 1216 qui-

216 1221 296 1263 bus
329 1222 511 1263 mortem
542 1219 728 1261 Arminii
758 1219 1056 1273 promittebat,
1093 1217 1131 1260 si
1166 1218 1399 1273 patrandae
1430 1219 1526 1261 neci
1555 1233 1766 1262 venenum

216 1280 477 1334 mitteretur,
513 1292 849 1333 responsumque
881 1292 972 1320 esse
1002 1292 1090 1319 non
1119 1276 1267 1319 fraude
1298 1291 1432 1333 neque
1464 1278 1660 1334 occultis,
1692 1279 1766 1321 sed

173 1350 194 1381 5
219 1339 362 1395 palam
406 1341 450 1380 et
493 1340 705 1380 armatum
747 1337 953 1392 populum
989 1335 1231 1378 Romanum
1274 1336 1421 1379 hostes
1465 1351 1564 1379 suos
1606 1337 1765 1380 ulcisci.

217 1412 302 1453 qua
344 1397 484 1453 gloria
527 1397 739 1452 aequabat
783 1410 827 1437 se
864 1395 1060 1437 Tiberius
1102 1395 1255 1450 priscis
1298 1395 1650 1451 imperatoribus,
1693 1396 1767 1452 qui

217 1470 428 1499 venenum
453 1457 496 1497 in
522 1455 701 1510 Pyrrum
728 1468 874 1511 regem
899 1456 1123 1496 vetuerant
1153 1453 1526 1510 prodiderantque.
1575 1457 1765 1498 ceterum

217 1515 439 1558 Arminius
471 1514 799 1556 abscedentibus
826 1512 1033 1554 Romanis
1066 1514 1109 1554 et
1139 1513 1262 1567 pulso
1287 1512 1552 1555 Maroboduo
1584 1526 1766 1569 regnum

221 1574 441 1616 adfectans
472 1573 718 1615 libertatem
749 1571 1022 1627 popularium
1052 1571 1273 1613 adversam
1310 1571 1483 1626 habuit,
1518 1573 1764 1628 petitusque

218 1633 348 1675 armis
382 1647 477 1675 cum
507 1632 629 1674 varia
657 1631 832 1673 fortuna
862 1632 1062 1684 certaret,
1093 1630 1191 1672 dolo
1222 1630 1560 1686 propinquorum
1592 1631 1765 1674 cecidit:

217 1692 423 1734 liberator
459 1691 573 1733 haud
611 1690 736 1732 dubie
768 1689 1022 1732 Germaniae
1054 1691 1095 1730 et
1125 1688 1197 1745 qui
1227 1703 1314 1731 non
1344 1689 1578 1743 primordia
1614 1691 1766 1745 populi

218 1751 415 1806 Romani,
441 1751 550 1792 sicut
575 1750 647 1791 alii
672 1762 796 1804 reges
823 1749 1044 1803 ducesque,
1071 1747 1143 1790 sed
1166 1747 1515 1790 florentissimum
1539 1749 1764 1804 imperium

215 1810 476 1866 lacessierit,
518 1808 695 1864 proeliis
737 1807 984 1862 ambiguus,
1023 1807 1138 1849 bello
1178 1821 1266 1849 non
1305 1807 1454 1849 victus,
1516 1811 1679 1863 septem
1720 1811 1765 1851 et
1795 1837 1798 1840 -

216 1869 396 1925 triginta
427 1882 561 1910 annos
592 1867 725 1922 vitae,
763 1866 983 1909 duodecim
1019 1866 1236 1921 potentiae
1275 1866 1477 1921 explevit,
1514 1867 1764 1922 caniturque

263 2008 328 2044 86.
368 2012 399 2043 1.
419 1993 561 2053 'capere
594 2007 643 2042 ist
675 2006 740 2041 der
778 2005 955 2041 stehende

218 2054 415 2091 Ausdruck
432 2066 506 2090 von
525 2055 589 2090 der
606 2052 722 2088 Wahl
741 2052 806 2089 der
823 2052 955 2088 Vesta-

217 2102 355 2147 linnen,
381 2101 475 2137 auch
502 2104 557 2146 15,
583 2105 638 2136 22.

264 2165 296 2196 3.
328 2161 570 2206 praesederat.
608 2159 731 2196 Wenn
763 2158 829 2195 das
856 2158 954 2194 Verb

217 2207 387 2243 wortlich
412 2219 457 2241 zu
481 2208 676 2242 verstehen
700 2206 767 2252 ist,
793 2216 833 2241 so
858 2205 954 2241 muss

218 2254 331 2290 Occia
361 2255 445 2289 sehr
476 2253 531 2289 alt
560 2254 757 2300 geworden
789 2253 876 2288 sein.
909 2273 953 2279 ——

217 2301 396 2338 Fonteius
413 2312 491 2337 war
508 2302 559 2336 im
578 2301 611 2336 J.
628 2304 670 2336 16
691 2300 747 2336 als
765 2299 955 2345 Anklager

218 2349 283 2384 des
309 2348 402 2384 Libo
428 2347 668 2393 ausgetreten.

265 2411 298 2443 4.
324 2407 511 2443 Domitius
534 2407 584 2442 ist
607 2407 835 2442 unbekannt.

265 2470 295 2502 7.
322 2466 518 2502 discidium
532 2466 624 2501 statt
636 2466 843 2510 divortium,
858 2465 952 2500 auch

217 2513 280 2550 bei
306 2513 444 2549 Cicero.

265 2576 297 2609 8.
323 2573 462 2608 deciens
485 2572 655 2616 sestertii,
686 2571 751 2607 der
776 2570 955 2607 senatori-

218 2620 305 2655 sche
325 2619 474 2656 Census,
506 2610 604 2654 Uber
621 2619 736 2655 solari
761 2619 854 2654 statt
873 2629 954 2654 con-

218 2667 333 2702 solari
358 2678 385 2702 s.
412 2678 457 2702 zu
484 2669 597 2711 1,14.

265 2724 601 2762 87.1.saevitia
642 2735 828 2768 annonae,
871 2722 952 2759 eine

217 2783 311 2807 neue
330 2771 534 2817 Metapher,
559 2773 628 2808 wie
652 2772 805 2808 saevitia
828 2771 953 2813 maris,

218 2819 356 2862 hiemis,
382 2820 473 2855 caeli
496 2818 548 2854 im
575 2818 758 2855 silbernen
783 2816 928 2854 Lateiu.

269 2881 300 2911 6.
333 2876 401 2913 Die
426 2876 613 2923 tropische
637 2877 856 2922 Bedeutung
879 2886 951 2911 von

1028 2008 1205 2051 anyustus
1224 2004 1494 2050 „beschrankw
1509 2005 1585 2040 und
1602 2006 1765 2041 lubricus

1027 2052 1230 2135 „thil'sligh3
1253 2051 1496 2134 Cgjefahrlich“
1529 2052 1647 2088 findet
1685 2053 1764 2088 sich

1028 2110 1065 2135 sc
1094 2111 1141 2135 on
1193 2111 1227 2135 e1
1282 2110 1391 2135 icero.

1074 2151 1137 2188 88.
1183 2155 1213 2186 1.
1263 2155 1526 2198 senatoresque,
1568 2151 1762 2196 „namlich

1028 2199 1272 2242 Senatoren“;
1297 2210 1364 2245 que
1381 2199 1432 2234 ist
1449 2197 1667 2244 explikativ,
1691 2198 1763 2235 wie

1027 2247 1148 2282 Germ.
1180 2250 1224 2281 29
1261 2247 1362 2281 ultra
1397 2245 1562 2281 Rhenum
1597 2246 1765 2291 ultraque

1026 2297 1156 2329 veteres
1186 2294 1353 2329 terminos
1383 2293 1537 2338 imperii.
1586 2292 1764 2339 Haufiger

1025 2341 1076 2376 ist
1100 2345 1132 2376 et
1155 2341 1194 2376 in
1219 2339 1358 2375 diesem
1385 2339 1506 2375 Sinne.

1074 2398 1105 2428 6.
1120 2393 1256 2439 priscis
1267 2393 1553 2437 imperatoribus
1574 2393 1763 2429 Zunachst

1025 2440 1075 2475 ist
1099 2439 1198 2476 wohl
1228 2450 1297 2474 nur
1327 2450 1374 2474 an
1399 2438 1436 2474 C.
1455 2438 1664 2484 Fabricius,
1697 2440 1763 2476 der

1027 2498 1146 2540 gegen
1158 2485 1340 2568 ffiYrAllliusl
1348 2485 1563 2568 blefehligte,
1589 2468 1762 2533 gedaeht,

1026 2533 1363 2616 {vssssaw‘ifflkonssuff
1382 2535 1557 2616 fflffl?
1576 2534 1764 2617 {3305532

1026 2627 1128 2663 wird.
1186 2626 1261 2662 Der
1293 2627 1421 2662 Plural
1454 2639 1542 2674 mag
1575 2628 1761 2674 generelle

1025 2674 1243 2719 Bedeutung
1267 2673 1399 2710 haben.

1075 2731 1129 2762 11.
1157 2727 1327 2762 liberator
1352 2730 1430 2771 cit„
1455 2727 1524 2762 wie
1550 2726 1631 2764 Liv.
1650 2731 1683 2772 3,
1703 2730 1762 2774 53,

1024 2778 1044 2810 2
1071 2775 1204 2820 quippe
1228 2774 1437 2810 'liberatores
1460 2775 1560 2811 haud
1583 2775 1701 2811 dubie.

1072 2830 1127 2862 14.
1158 2827 1361 2872 duodecim,
1394 2838 1479 2863 vom
1510 2827 1543 2865 J.
1570 2831 1589 2863 7
1614 2839 1649 2863 n.
1676 2826 1761 2863 Chr.

1024 2874 1231 2920 gerechnet.
