1794 3126
124 77 127 80 ’
183 89 270 132 202
616 90 848 127 CORNELII
873 90 1039 127 ‘rAcrr1
1063 91 1324 127 ANNALIUM

180 197 360 252 proinde
409 197 499 240 vita
549 213 699 241 somno
750 198 969 254 languida,
1020 198 1278 248 Quintianus
1328 200 1512 242 mollitia
1558 201 1748 257 corporis

181 256 356 299 infamis
395 261 438 299 et
470 272 495 299 a
525 256 696 300 Nerone
729 258 941 312 probroso
973 258 1160 300 carmine
1192 257 1434 301 diffamatus
1466 260 1749 304 contumelias

113 325 156 357 15
180 315 319 358 ultum
351 316 453 358 ibat.

108 374 168 416 50
299 374 418 430 Ergo
457 375 558 416 dum
595 375 755 417 scelera
791 375 1015 430 principis,
1054 378 1097 417 et
1131 376 1259 417 finem
1290 376 1438 418 adesse
1469 376 1648 432 imperio
1679 377 1750 420 de-

180 433 482 489 ligendumque
521 433 594 488 qui
631 434 756 475 fessis
793 434 920 476 rebus
958 437 1240 490 succurreret,
1282 435 1396 476 inter
1439 449 1483 477 se
1524 439 1600 479 aut
1636 437 1751 479 inter

181 493 341 535 amicos
371 492 552 546 iaciunt,
590 492 878 548 adgregavere
911 490 1137 535 Claudium
1170 493 1464 548 Senecionem,
1501 493 1750 538 Cervarium
1785 500 1794 507 ’

181 550 422 605 Proculum,
453 550 702 592 Vulcatium
733 550 972 606 Araricum,
1003 551 1157 594 Iulium
1190 552 1475 608 Augurinum,
1506 552 1750 596 Munatium

133 619 155 650 5
182 608 381 663 Gratum,
412 609 654 651 Antonium
684 608 905 665 Natalem,
936 609 1146 652 Marcium
1176 610 1364 666 Festum,
1396 612 1559 666 equites
1590 612 1749 655 Roma·

180 682 272 710 nos.
340 682 391 709 ex
434 668 589 723 quibus
634 666 830 723 SeneciO,
875 683 896 710 e
940 669 1171 724 praecipua
1212 669 1506 713 familiaritate
1547 670 1750 726 Neronis,
1792 702 1794 707 η

181 726 364 780 speciem
394 726 607 768 amicitiae
633 727 766 768 etiam
791 730 884 768 tum
909 728 1102 770 retinens
1129 742 1179 770 eo
1204 729 1398 783 pluribus
1422 730 1626 784 periculis
1652 744 1750 773 oon-

179 785 438 827 fiictabatur.
497 784 668 828 Natalis
705 786 921 841 particeps
959 786 1013 828 ad
1052 801 1178 828 omne
1216 790 1425 830 secretum
1458 788 1607 832 Pisoni
1645 791 1750 845 erat,

181 844 333 886 ceteris
379 859 476 899 spes
520 859 571 886 ex
613 845 738 887 novis
781 845 909 887 rebus
952 845 1192 900 petebatur.
1259 846 1444 889 adscitae
1483 850 1585 890 sunt
1621 862 1751 903 super

183 901 385 945 Subrium
429 905 472 945 et
516 902 770 959 Sulpicium,
820 904 871 946 de
918 904 1071 959 quibus
1115 905 1281 959 rettuli,
1329 905 1538 948 militares
1582 921 1750 962 manus,

181 960 340 1004 Gavius
373 960 572 1004 Silvanus
611 964 654 1005 et
686 961 851 1005 Statius
888 962 1114 1006 Proximus
1151 963 1314 1005 tribuni
1350 963 1591 1007 cohortium
1627 980 1751 1021 prae-

179 1020 407 1076 toriarum,
451 1021 664 1064 Maximus
710 1020 893 1064 Scaurus
939 1025 981 1064 et
1024 1021 1217 1064 Venetus
1261 1022 1422 1064 Paulus
1467 1024 1750 1068 centuriones,

181 1079 255 1121 sed
287 1094 500 1122 summum
532 1081 664 1122 robur
694 1081 740 1122 in
771 1080 929 1123 Faenio
960 1080 1074 1123 Rufo
1107 1081 1325 1136 praefecto
1359 1081 1593 1136 videbatur,
1625 1097 1752 1138 quem

179 1138 270 1180 vita
306 1138 506 1195 famaque
543 1139 764 1182 laudatum
798 1154 874 1195 per
905 1140 1131 1182 saevitiam
1163 1140 1545 1196 inpudicitiamque
1577 1141 1752 1196 Tigelli-

110 1207 153 1239 15
179 1212 260 1239 nus
292 1198 339 1239 in
371 1198 513 1241 animo
545 1198 754 1254 principis
793 1199 1003 1254 anteibat,
1039 1198 1339 1255 fatigabatque
1378 1200 1750 1243 criminationibus

182 1271 230 1298 ac
270 1270 397 1312 saepe
434 1257 482 1299 in
518 1259 680 1299 metum
721 1257 956 1300 adduxerat
986 1259 1107 1313 quasi
1140 1258 1381 1300 adulterum
1412 1258 1680 1314 Agrippinae
1710 1261 1754 1302 et

181 1315 390 1359 desiderio
435 1316 526 1359 eius
569 1317 723 1359 ultioni
766 1317 994 1359 intentum.
1061 1317 1194 1373 igitur
1236 1317 1310 1359 ubi
1354 1317 1587 1359 coniuratis
1629 1332 1751 1373 prae-

179 1374 340 1416 fectum
384 1389 552 1431 quoque
594 1375 801 1430 praetorii
842 1375 887 1417 in
930 1377 1076 1430 partes
1119 1376 1388 1418 descendisse
1429 1376 1579 1419 crebro
1615 1376 1752 1432 ipsius

181 1447 376 1475 sermone
407 1434 523 1476 facta
553 1434 672 1489 fides,
702 1435 947 1489 promptius
979 1434 1067 1476 iam
1099 1435 1150 1476 de
1181 1437 1375 1490 tempore
1408 1449 1456 1477 ac
1486 1435 1582 1478 loco
1609 1435 1750 1478 caedis

182 1491 420 1547 agitabant.
489 1495 532 1535 et
574 1494 739 1548 cepisse
782 1493 992 1549 impetum
1031 1492 1210 1536 Subrius
1247 1493 1404 1536 Flavus
1447 1494 1665 1536 ferebatur
1705 1494 1752 1536 in

180 1565 334 1593 scaena
366 1554 591 1594 canentem
616 1551 834 1594 Neronem
866 1552 1154 1608 adgrediendi,
1186 1554 1260 1594 aut
1291 1567 1388 1594 cum
1419 1552 1594 1594 ardente
1620 1553 1750 1596 domo

178 1623 254 1664 per
290 1613 461 1652 noctem
497 1611 582 1653 huc
619 1611 723 1653 illuc
760 1614 954 1654 cursaret
990 1611 1289 1654 incustoditus.
1349 1611 1421 1653 hic
1452 1611 1618 1654 occasio
1651 1611 1751 1654 soli-

179 1667 360 1723 tudinis,
406 1669 468 1710 ibi
510 1670 606 1724 ipsa
646 1669 889 1724 frequentia
930 1670 1042 1711 tanti
1086 1670 1249 1712 decoris
1292 1670 1418 1712 testis
1460 1669 1750 1724 pulcherrima

180 1727 371 1769 animum
416 1728 813 1783 exstimulaverant,
856 1728 942 1770 nisi
984 1728 1256 1783 impunitatis
1296 1728 1450 1783 cupido
1487 1728 1750 1782 retinuisset,

106 1798 152 1829 25
179 1786 350 1841 magnis
383 1800 551 1841 semper
581 1787 806 1829 conatibus
839 1787 1030 1829 adversa.

104 1846 161 1888 51
298 1843 476 1887 Interim
521 1845 822 1887 cunctantibus
868 1846 1270 1901 prolatantibusque
1320 1860 1439 1900 spem
1489 1860 1539 1888 ac
1587 1847 1749 1888 metum

111 913 155 945 10

106 1503 154 1533 ⁴20

227 1976 282 2007 13.
316 1973 473 2008 mollitia
493 1973 586 2008 statt
598 1973 806 2018 patientia;
832 1984 859 2007 S.
881 1985 925 2008 zu

179 2023 220 2054 11
268 2023 289 2054 2
999 1972 1207 2018 Tigellinus
1241 1973 1312 2008 seit
1341 1973 1427 2008 dem
1450 1973 1564 2009 Jahre
1584 1977 1629 2009 62
1654 1973 1747 2009 Pra-

998 2020 1079 2056 fekt
1105 2020 1171 2055 der
1195 2019 1442 2055 Pratorianer.

226 2071 280 2101 14.
314 2059 414 2102 Uber
440 2067 511 2102 den
533 2067 731 2103 Gebrauch
754 2078 828 2103 von
852 2067 926 2111 dif-

173 2114 317 2157 famare
343 2126 370 2149 s.
396 2127 442 2149 zu
469 2117 530 2158 14,
558 2118 613 2149 22.

226 2165 280 2197 15.
313 2162 431 2196 ultum
454 2162 534 2197 ibat
558 2161 628 2197 wie
653 2161 724 2207 ΚΡ.
747 2165 763 2195 1
791 2162 846 2198 ire
870 2162 925 2197 ul-

174 2211 252 2242 tum
277 2209 407 2244 volens.

223 2289 287 2325 50.
315 2293 347 2325 3.
377 2291 587 2335 adyreqare,
607 2290 721 2326 sehon
739 2290 801 2325 bei
819 2290 926 2326 Klas-

174 2336 311 2381 sikern,
334 2337 403 2372 hat
423 2339 527 2372 sonst
544 2337 678 2372 immer
699 2337 822 2372 ausser
841 2338 926 2372 dem

177 2383 377 2419 Accusativ
415 2384 475 2419 ein
513 2384 757 2419 entfernteres
789 2384 927 2430 Objekt

175 2431 306 2475 (Dativ
345 2431 403 2466 od.
437 2431 588 2476 Pr‘apos.
625 2432 683 2474 in,
723 2432 791 2474 ad;
829 2432 926 2467 auch

178 2476 280 2512 Cacs.
306 2477 340 2513 b.
368 2490 402 2523 g.
430 2482 470 2520 4,
496 2482 559 2522 26,
588 2482 606 2512 1
639 2479 691 2514 ist
721 2479 768 2514 iis
802 2491 846 2513 zu
871 2490 925 2513 er-

176 2525 346 2570 ganzen).
374 2545 419 2551 —
445 2524 520 2560 Der
544 2524 659 2560 Vater
690 2525 754 2561 des
781 2525 926 2562 Senecio

178 2583 255 2607 war
279 2571 526 2607 kaiserlicher
551 2572 870 2618 Freigelassener;
897 2584 925 2607 s.

177 2630 223 2653 zu
249 2622 310 2662 13,
339 2622 394 2655 12.
444 2619 513 2654 Die
545 2619 596 2654 im
628 2620 830 2665 folgenden
865 2631 927 2664 ge-

178 2667 343 2701 nannten
366 2665 558 2701 Personen
589 2666 671 2701 sind
697 2668 800 2702 sonst
824 2666 927 2701 nicht

177 2712 354 2748 bekannt.

200 2763 280 2840 ἰ10.
313 2770 446 2796 manus
476 2761 569 2796 statt
598 2761 656 2796 vir
690 2760 836 2796 scheint
860 2755 924 2795 ἅπ.

175 2818 194 2840 ε
214 2819 245 2849 ρ.

229 2857 283 2889 13.
329 2853 486 2890 Faenius
529 2854 646 2890 Rufus
695 2865 772 2890 war
818 2854 926 2890 nebst

1049 2070 1102 2103 15.
1135 2068 1178 2102 in
1209 2068 1331 2102 animo
1365 2088 1410 2093 -
1439 2068 1618 2109 anteibat,
1649 2077 1745 2103 neue

998 2113 1151 2158 Phrase,
1171 2113 1241 2149 wie
1264 2125 1302 2149 es
1318 2117 1372 2157 14,
1387 2117 1431 2149 51
1453 2113 1634 2150 ebenfalls
1656 2114 1748 2150 fiber

1000 2160 1207 2205 Tigellinus
1240 2160 1369 2196 heisst:
1400 2161 1560 2197 validior
1591 2161 1634 2197 in
1666 2161 1748 2197 ani-

998 2218 1055 2243 mo
1069 2208 1266 2253 principis.
1300 2212 1334 2252 4,
1351 2212 1392 2243 12
1412 2208 1544 2244 Prisca
1562 2209 1605 2244 in
1623 2209 1747 2244 animo

998 2256 1190 2300 Auyustae
1214 2255 1350 2291 valida.

1046 2306 1102 2337 20.
1129 2303 1171 2337 in
1189 2313 1332 2345 scaena,
1357 2301 1666 2337 wahrseheinlioh
1684 2312 1747 2338 am

998 2349 1108 2384 Feste
1142 2350 1207 2384 der
1239 2360 1312 2385 von
1342 2348 1442 2385 Nero
1473 2348 1525 2384 im
1551 2349 1584 2385 J.
1605 2351 1650 2384 59
1682 2358 1746 2393 ge—

999 2395 1166 2431 stifteten
1196 2396 1429 2432 Juvenalien.
1479 2396 1513 2431 V
1540 2396 1564 2432 l.
1590 2395 1624 2430 Κ
1652 2423 1660 2430 .
1687 2398 1744 2430 33.

1046 2446 1104 2479 24.
1137 2443 1468 2479 exstimulaverant.
1514 2408 1594 2478 {er
1649 2441 1746 2477 lural

999 2490 1093 2525 statt
1125 2490 1188 2524 des
1215 2490 1407 2535 Singulars
1437 2490 1534 2525 nach
1567 2487 1657 2524 zwei
1681 2499 1746 2534 gea

997 2538 1125 2572 trennt
1138 2549 1182 2572 zu
1195 2537 1417 2573 denkenden
1433 2535 1648 2582 Subjekten,
1673 2535 1745 2571 wie

1001 2583 1099 2619 &fter
1122 2584 1184 2619 bei
1209 2584 1295 2619 Tac.
1341 2583 1375 2619 S.
1402 2596 1444 2619 zu
1472 2587 1511 2627 3,
1539 2586 1593 2618 62.

1047 2665 1111 2702 51.
1158 2669 1188 2702 1.
1227 2665 1483 2701 cunctantibus
1519 2665 1583 2699 ott..
1641 2664 1746 2700 Statt

999 2712 1063 2747 des
1083 2712 1280 2748 absoluten
1293 2712 1464 2747 Ablativs
1484 2711 1594 2746 sollte
1615 2711 1745 2757 strong

998 2770 1222 2804 genommen
1264 2759 1330 2794 der
1365 2757 1561 2794 Accusativ
1598 2758 1742 2803 stehen,

997 2806 1353 2842 fibereinstimmend
1403 2803 1473 2840 mit
1521 2805 1742 2841 coniuratos.

998 2853 1083 2898 Vgl.
1105 2866 1148 2888 zu
1162 2854 1230 2898 ΚΡ.
1246 2856 1291 2888 30
1310 2855 1342 2887 et
1359 2852 1541 2898 royitante
1558 2863 1639 2898 φερε
1657 2862 1746 2888 cau-
