1820 3100
574 130 723 166 LIBER
739 129 803 166 IV.
847 128 952 166 GAP.
973 131 1126 164 29—31.
1555 126 1642 168 219

73 242 374 284 accusatorum
404 237 644 293 abolendis,
669 237 708 280 si
738 237 834 293 quis
865 236 1106 280 maiestatis
1138 235 1385 292 postulatus
1418 236 1520 277 ante
1550 248 1643 289 per-

71 300 233 343 fectum
273 299 477 342 iudicium
517 311 562 340 se
598 297 692 351 ipse
724 296 815 338 vita
858 296 1127 351 privavisset.
1197 293 1428 349 ibaturque
1465 293 1510 334 in
1548 307 1643 335 eam

71 359 349 413 sententiam,
397 357 444 399 ni
492 356 639 399 durius
695 357 930 411 contraque
979 368 1143 397 morem
1193 368 1318 395 suum
1367 352 1514 408 palam
1562 366 1643 407 pro

71 417 397 461 accusatoribus
423 414 584 459 Caesar
614 415 768 457 inritas
799 414 933 469 leges,
963 428 1056 456 rem
1086 412 1307 469 publicam
1337 411 1383 453 in
1413 410 1644 466 praecipiti
1670 421 1715 455 10

71 479 333 533 conquestus
354 477 484 531 esset3
510 474 811 517 subverterent
833 473 980 528 potius
1005 473 1102 515 iura
1122 486 1252 527 quam
1272 470 1472 514 custodes
1493 485 1643 512 eorum

71 537 331 579 amoverent.
403 534 464 577 sic
501 534 739 587 delatores,
771 546 908 589 genus
946 531 1170 575 hominum
1207 530 1385 586 publico
1418 529 1549 572 exitio
1580 543 1644 572 re-

69 598 241 650 pertum
266 597 310 637 et
326 608 377 637 ue
400 593 552 649 poenis
579 592 751 649 quidem
777 606 985 647 umquam
1011 591 1119 633 satis
1146 589 1392 645 coercitum,
1416 603 1494 644 per
1518 602 1643 644 prae-

70 654 158 697 mia
189 654 483 696 eliciebantur.

186 712 267 755 His
308 715 401 754 tam
441 710 632 754 adsiduis
673 712 851 765 tamque
888 709 1068 751 maestis
1102 708 1272 751 modica
1309 706 1479 749 laetitia
1510 706 1712 750 inter-31

69 772 219 828 icitur,
256 771 370 826 quod
402 769 448 814 G.
481 769 728 813 Cominium
765 769 957 824 equitem
987 768 1254 822 Romanum,
1285 765 1489 823 probrosi
1518 765 1566 807 in
1597 779 1642 807 se

69 831 273 874 carminis
306 830 569 884 convictum,
602 827 763 871 Caesar
792 827 992 883 precibus
1024 826 1186 882 fratris,
1223 826 1298 881 qui
1331 827 1506 868 senator
1537 826 1642 876 erat,

69 890 295 934 concessit.
357 904 441 945 quo
474 888 614 945 magis
646 889 804 930 mirum
835 887 1078 929 habebatur
1110 899 1295 941 gnarum
1327 884 1568 938 meliorum,
1600 885 1644 925 et

69 964 175 1004 quae
199 949 317 992 fama
342 948 616 991 clementiam
643 948 906 1002 sequeretur,
937 946 1134 988 tristiora
1158 944 1299 987 malle.
1355 957 1495 998 neque
1526 942 1642 985 enim
1667 953 1689 986 5

69 1008 265 1052 socordia
313 1008 540 1064 peccabat3
588 1020 668 1048 nec
719 1006 937 1049 occultum
987 1006 1071 1058 est,
1122 1003 1294 1060 quando
1345 1017 1397 1045 ex
1446 1002 1642 1057 veritate,

69 1067 242 1123 quando
294 1067 555 1110 adumbrata
604 1065 775 1108 laetitia
833 1064 949 1107 facta
996 1065 1308 1118 imperatorum
1359 1062 1643 1105 celebrentur.

70 1127 174 1182 quin
204 1126 311 1181 ipse,
343 1125 594 1180 conpositus
620 1125 726 1167 alias
759 1126 803 1166 et
833 1124 953 1166 velut
985 1122 1269 1165 eluctantium
1300 1121 1542 1172 verborum,
1576 1135 1642 1163 so-

67 1186 203 1228 lutius
253 1185 584 1240 promptiusque
635 1183 942 1239 eloquebatur,
998 1181 1199 1237 quotiens
1256 1180 1516 1223 subveniret.
1597 1181 1643 1222 at

67 1244 115 1287 P.
142 1244 343 1287 Suillium
370 1246 643 1299 quaestorem
670 1241 890 1299 quondam
916 1241 1173 1296 Germanici,
1200 1255 1296 1283 cum
1321 1239 1451 1282 Italia
1476 1253 1640 1281 arcere·
1670 1250 1714 1282 10

67 1307 141 1347 tur
178 1303 400 1346 convictus
437 1302 666 1358 pecuniam
704 1302 759 1344 ob
791 1316 883 1343 rem
914 1300 1188 1343 iudicandam
1220 1300 1403 1354 cepisse,
1442 1312 1642 1341 amoven-

70 1363 172 1406 dum
215 1363 262 1404 in
304 1362 495 1404 insulam
540 1361 724 1416 censuit,
773 1362 897 1402 tanta
941 1359 1217 1402 contentione
1262 1359 1414 1413 animi,
1457 1360 1508 1400 ut
1550 1357 1643 1399 iure

67 1421 251 1465 iurando
283 1421 576 1478 obstringeret
601 1435 623 1462 e
648 1434 694 1462 re
725 1419 901 1475 publica
931 1419 976 1461 id
1008 1433 1113 1462 esse.
1165 1417 1279 1474 quod
1312 1431 1463 1472 aspere
1495 1430 1643 1471 accep·

69 1484 164 1525 tum
196 1481 249 1523 ad
280 1495 484 1537 praesens
516 1494 618 1522 mox
649 1480 696 1521 in
726 1479 898 1522 laudem
929 1478 1059 1520 vertit
1082 1491 1279 1533 regresso
1308 1476 1481 1531 Sui11i03
1515 1490 1644 1531 quem

70 1540 181 1584 vidit
211 1555 394 1596 sequens
427 1542 546 1582 aetas
577 1541 917 1595 praepotentem,
942 1537 1138 1580 venalem
1164 1539 1208 1579 et
1234 1535 1405 1579 Claudii
1434 1534 1644 1590 principis
1672 1545 1715 1578 15

72 1600 264 1642 amicitia
296 1599 369 1642 diu
399 1612 616 1655 prospere,
645 1612 882 1653 numquam
914 1597 1023 1639 bene
1055 1611 1193 1638 usum.
1249 1596 1397 1637 eadem
1428 1609 1568 1649 poena
1599 1593 1646 1635 in

73 1658 228 1703 Catum
248 1658 460 1701 Firmium
486 1660 732 1700 senatorem
760 1657 978 1710 statuitur,
1002 1658 1225 1711 tamquam
1255 1654 1378 1697 falsis
1404 1653 1645 1696 maiestatis

77 1718 328 1761 criminibus
361 1732 553 1761 sororem
584 1717 822 1772 petivisset.
884 1714 1037 1771 Catus,
1068 1718 1118 1758 ut
1148 1714 1309 1770 rettuli,
1340 1713 1550 1756 Libonem
1580 1713 1644 1754 in-

71 1778 236 1820 lexerat
266 1777 448 1833 insidiis,
479 1776 633 1819 deinde
663 1775 823 1819 indicio
855 1775 1109 1830 perculerat.
1170 1774 1261 1816 eius
1294 1787 1448 1828 operae
1480 1786 1646 1816 memor

123 1946 155 1978 7.
203 1934 305 1977 Uber
328 1942 519 1987 postulare
542 1941 613 1976 mit
637 1940 724 1976 dem
751 1940 821 1976 Ge·
943 1943 975 1974 9.
1025 1930 1126 1974 Uber
1151 1938 1315 1983 quotiens
1342 1937 1414 1972 mit
1439 1937 1525 1972 dem
1550 1934 1644 1972 Con-

72 1987 176 2025 netiv
203 2001 233 2023 z.
259 2001 305 2023 zu
332 1992 364 2034 1,
391 1992 446 2023 74.
891 1985 1083 2032 junctivus
1115 1985 1311 2020 iterativus
1344 1996 1371 2020 s.
1404 1984 1502 2019 Einl.
1529 1987 1560 2027 ξ.
1586 1986 1644 2019 88.

121 2040 154 2072 9.
203 2037 338 2081 palam.
388 2035 477 2070 Dies
502 2046 580 2070 war
604 2033 821 2079 auffallend,
894 2034 966 2068 Am
1005 2032 1216 2078 haufigsten
1251 2032 1301 2067 ist
1334 2043 1373 2067 es
1404 2031 1466 2066 bei
1491 2031 1643 2067 Sueten.

74 2083 180 2138 ‘³⁶¹¹P.
214 2085 318 2119 ⁸0³⁸ss
356 2082 486 2136 {³¹¹0hss‘?
517 2081 687 2117 Tiberim
721 2081 822 2117 ⁸01¹10
946 2102 1000 2134 ιο.
1025 2097 1184 2133 Suillius
1196 2097 1390 2141 Rufusist
1407 2095 1645 2131 Haibbruder

72 2130 300 2176 P⁰l¹t¹³⁰hen
331 2130 431 2165 ΖῙΘῙΘ
473 2141 525 2164 ¹¹¹²
557 2129 823 2183 verbf’rgenen
896 2146 961 2181 des
987 2145 1166 2188 Corbulo,
1199 2145 1264 2180 der
1295 2144 1375 2180 sich
1400 2145 1510 2178 unter
1536 2142 1643 2179 Clau-

74 2177 165 2214 oder
191 2178 259 2213 auf
282 2177 483 2222 Umwegen
507 2189 552 2212 zu
579 2177 779 2212 erreichen.
896 2192 980 2228 dius
1015 2192 1092 2227 und
1123 2193 1223 2228 Nero
1254 2191 1310 2227 als
1343 2190 1524 2226 Feldhen.
1560 2201 1644 2226 aas„

121 2236 185 2273 31.
212 2240 245 2272 3.
270 2237 413 2280 fratris.
446 2235 579 2272 Dieser
599 2246 676 2270 war
696 2236 823 2281 sp‘ater
894 2240 1098 2277 zeiohnete‚

72 2284 183 2320 unter
230 2283 363 2320 Kaiser
398 2282 574 2319 Claudius
614 2282 823 2318 Prokonsul
946 2302 1000 2336 11·
1051 2299 1260 2335 convincere
1291 2297 1363 2333 mit
1386 2297 1496 2333 Nom·
1522 2308 1554 2332 0·
1579 2295 1643 2333 inf·

72 2342 146 2367 *⁰¹¹
172 2331 329 2376 Gypem·
897 2347 992 2382 auch
1015 2350 1068 2390 13,
1089 2351 1136 2382 44
1161 2346 1239 2381 und
1263 2346 1380 2381 sehon
1405 2345 1467 2381 bei
1492 2343 1645 2388 Sallust,

123 2388 157 2420 4·
197 2384 385 2420 concedere
405 2384 499 2419 ⁸¹3²st
517 2384 733 2428 condonare,
752 2382 824 2418 Wie
895 2393 1034 2439 Livius,
1060 2393 1219 2430 Curtius,
1271 2393 1306 2429 S.
1332 2392 1429 2429 Einl.
1456 2396 1487 2434 §-
1515 2394 1572 2426 82.

75 2434 197 2515 Ξέεξῑῗέ
215 2434 281 2514 ³82³
307 2431 593 2524 3gicffimffissyg
609 2431 824 2513 ξαέῧαῇέἔῖ
946 2457 1000 2489 13.
1021 2499 1029 2506 .
1058 2453 1278 2498 obstrinyere
1309 2452 1405 2487 ohne
1430 2449 1644 2494 Accusativ,

76 2525 151 2561 lum
169 2506 315 2562 senatui
329 2506 536 2571 populoque
554 2524 721 2560 Romano
740 2535 823 2560 eou-
896 2511 967 2534 nur
991 2500 1073 2534 luet
1097 2500 1174 2534 und
1195 2503 1227 2544 1'
1256 2503 1311 2534 14‘
1463 2556 1470 2562 .
1507 2555 1516 2563 .
1552 2544 1564 2548 N
1598 2555 1606 2562 .

77 2573 224 2609 cessisti.
258 2594 302 2599 —
337 2573 465 2618 Gegen
497 2572 558 2607 die
584 2571 824 2607 Konzinnitat
944 2561 1000 2615 35·
1057 2560 1338 2611 praepotentem.
1408 2555 1573 2612 smum„
1595 2555 1647 2590 lst

77 2619 218 2665 regiert
233 2631 375 2666 gnarus
393 2621 517 2655 zuerst
537 2619 645 2655 einen
664 2618 824 2654 Genetiv
898 2605 1026 2650 spassffl‘
1060 2615 1121 2639 em
1158 2603 1410 2650 geffihrllchffl‘
1454 2602 1647 2648 Anklagffl'

75 2666 154 2702 und
184 2667 285 2702 daun
315 2666 425 2702 einen
448 2666 665 2702 indirekten
689 2666 824 2711 Frage-
897 2652 974 2687 ‘md
1005 2651 1099 2686 Wil'd
1133 2651 1280 2687 endlissh
1318 2650 1371 2685 im
1403 2649 1437 2685 J·
1470 2653 1516 2685 58
1550 2650 1647 2685 ⁰⁰¹0h

76 2715 168 2750 „ata
217 2713 252 2750 S,
278 2713 374 2751 Einl.
401 2717 431 2757 §-
461 2718 539 2759 119,
567 2717 622 2749 12·
899 2699 971 2735 den
995 2698 1176 2734 Balearen
1201 2698 1395 2734 verbannt.
1424 2701 1479 2741 13,
1505 2700 1562 2733 42.
1588 2700 1645 2733 43.

125 2770 158 2803 8.
231 2768 468 2803 eluctantium
509 2767 714 2808 verborum,
764 2765 825 2801 ein
948 2767 1002 2800 18.
1059 2767 1101 2799 ut
1136 2763 1262 2799 rettuli
1298 2766 1337 2806 2,
1369 2765 1425 2798 27.
1487 2760 1647 2796 Firmius

77 2812 409 2860 brachylogischer
428 2813 587 2850 Genetiv
605 2813 670 2848 der
689 2812 824 2857 Eigen-
900 2811 1013 2847 Catus
1047 2810 1155 2846 hatte
1192 2809 1245 2844 im
1282 2809 1314 2845 J.
1345 2812 1388 2845 16
1423 2809 1494 2844 den
1532 2809 1647 2844 unbe-

81 2860 220 2906 schaft,
244 2860 316 2897 wie
341 2873 398 2907 cp.
425 2865 471 2897 29
503 2861 686 2897 Lentulus
709 2870 826 2896 senec-
900 2869 1087 2894 sonnenen
1118 2857 1211 2892 Libo
1249 2857 1357 2892 unter
1394 2856 1480 2891 dem
1512 2855 1647 2892 Schein

80 2907 171 2943 tutis
195 2911 381 2945 extremae.
899 2905 1051 2941 intimet
1076 2903 1349 2940 Freundschaft
1373 2904 1556 2940 verraten.
