1820 3100
140 551 183 583 10
210 546 322 600 apud
367 547 508 589 solum
550 547 771 602 inciperet.

209 86 292 130 186

644 86 868 123 CORNELII
893 87 1055 124 ΤΑΟΙΤΙ
1078 87 1339 124 ANNALIUM

206 195 484 237 tribuniciam
509 195 643 238 Drusi
667 197 927 250 potestatem
959 196 1240 239 caerimonias
1272 196 1542 251 temperavit,
1571 197 1768 239 nomina-

160 265 181 297 5
207 254 288 296 tim
329 267 512 309 arguens
558 254 836 296 insolentiam
875 254 1112 296 sententiae
1150 268 1383 309 aureasque
1414 255 1580 297 litteras
1613 258 1766 298 contra

207 313 397 367 patrium
434 327 611 355 morem.

681 313 887 355 recitatae
929 315 972 355 et
1009 312 1138 355 Drusi
1172 314 1382 368 epistulae
1421 327 1681 368 quamquam
1712 313 1767 356 ad

208 371 465 413 modestiam
494 371 628 413 flexae
660 386 738 426 pro
766 371 1084 427 superbissimis
1117 372 1396 427 accipiuntur.
1451 372 1533 413 huc
1559 371 1766 415 decidisse

209 431 378 485 cuncta,
421 432 472 471 ut
513 444 566 472 ne
610 430 775 472 iuvenis
822 430 993 485 quidem
1035 432 1157 472 tanto
1201 431 1365 472 honore
1410 432 1586 484 accepto
1630 430 1768 473 adiret

207 488 328 530 urbis
378 488 499 544 deos,
548 489 843 543 ingrederetur
899 490 1113 542 senatum,
1163 489 1355 543 auspicia
1406 489 1561 530 saltem
1603 488 1766 544 gentile

850 547 965 589 bello
1017 546 1179 589 scilicet
1222 549 1297 589 aut
1342 546 1510 589 diverso
1553 549 1767 590 terrarum

208 604 416 659 distineri,
447 605 577 647 litora
608 608 651 647 et
681 606 799 647 lacus
827 604 1084 660 Campaniae
1116 619 1213 647 cum
1239 605 1424 647 maxime
1455 608 1767 660 peragrantem.

208 663 268 705 sic
293 663 431 704 imbui
460 665 673 705 rectorem
704 664 873 718 generis
898 663 1088 718 humani,
1119 664 1163 705 id
1188 664 1375 718 primum
1403 679 1425 706 e
1450 665 1642 719 paternis
1668 678 1766 707 con-

207 720 314 763 siliis
341 721 512 764 discere.
552 736 653 763 sane
680 724 932 777 gravaretur
957 724 1177 776 aspectum
1202 722 1359 764 civium
1379 737 1509 764 senex
1528 723 1766 777 imperator

206 779 449 834 fessamque
482 781 668 821 aetatem
700 783 743 821 et
775 782 893 822 actos
925 780 1095 822 labores
1126 780 1443 835 praetenderet:
1475 781 1619 823 Druso
1653 781 1768 836 quod

137 842 180 874 15
207 837 291 879 nisi
322 851 373 878 ex
404 838 658 892 adrogantia
689 838 1074 892 impedimentum?

137 891 194 932 60

327 894 410 938 Sed
435 896 645 951 Tiberius,
670 897 759 938 vim
784 897 1051 951 principatus
1077 897 1159 938 sibi
1184 897 1374 951 firmans,
1393 898 1628 953 imaginem
1654 898 1765 940 anti-

208 954 386 1009 quitatis
421 955 588 997 senatui
624 955 878 1010 praebebat,
916 955 1138 1010 postulata
1173 956 1490 1010 provinciarum
1521 957 1574 998 ad
1607 956 1767 1012 disqui-

208 1013 410 1055 sitionem
455 1016 626 1068 patrum
667 1014 890 1057 mittendo,

966 1014 1263 1056 crebrescebat
1306 1014 1420 1056 enim
1462 1014 1646 1057 Graecas
1689 1029 1767 1070 per

207 1072 333 1114 urbes
366 1071 543 1114 licentia
575 1075 705 1127 atpue
736 1073 971 1127 impunitas
1005 1073 1126 1127 asyla
1158 1073 1383 1114 statuendi.

1452 1073 1767 1128 conplebantur

160 1147 180 1179 5
206 1131 368 1185 templa
399 1131 598 1186 pessimis
631 1132 925 1186 servitiorum3
965 1131 1113 1173 eodem
1150 1131 1342 1174 subsidio
1387 1132 1581 1174 obaerati
1619 1132 1767 1174 adver·

208 1203 302 1231 sum
330 1190 561 1232 creditores
589 1191 858 1245 suspectique
892 1190 1143 1244 capitalium
1170 1191 1398 1232 criminum
1423 1190 1766 1246 receptabantur.

204 1262 283 1290 nec
313 1249 450 1290 ullum
483 1249 588 1290 satis
615 1249 805 1291 validum
836 1249 1064 1303 imperium
1090 1250 1183 1290 erat
1208 1249 1451 1291 coercendis
1478 1249 1765 1292 seditionibus

204 1307 371 1362 populi,
420 1307 587 1362 flagitia
636 1307 861 1349 hominum
898 1310 947 1349 ut
990 1307 1274 1349 caerimonias
1318 1308 1444 1350 deum
1486 1308 1767 1364 protegentis.

205 1365 340 1420 igitur
370 1366 580 1420 placitum
620 1368 669 1408 ut
707 1367 928 1408 mitterent
960 1366 1156 1408 civitates
1193 1366 1288 1408 iura
1321 1369 1449 1422 atque
1479 1367 1663 1422 legatos.
1723 1369 1767 1408 et

137 1434 180 1466 10
207 1424 416 1478 quaedam
466 1424 580 1479 quod
628 1424 740 1467 falso
785 1428 1097 1479 usurpaverant
1146 1427 1300 1479 sponte
1351 1426 1554 1480 omisere3
1605 1425 1766 1467 multae

205 1483 386 1524 vetustis
431 1484 809 1537 superstitionibus
854 1485 930 1525 aut
974 1484 1140 1525 meritis
1183 1484 1229 1525 in
1272 1485 1478 1539 populum
1522 1484 1766 1526 Romanum

205 1540 408 1583 fidebant.
446 1555 687 1597 magnaque
713 1543 804 1584 eius
831 1542 914 1583 diei
940 1542 1103 1596 species
1131 1541 1222 1597 fuit,
1248 1556 1332 1597 quo
1360 1545 1531 1583 senatus
1550 1542 1765 1584 maiorum

204 1599 423 1654 beneficia,
451 1600 663 1642 sociorum
690 1603 828 1655 pacta,
853 1615 1005 1657 regum
1031 1601 1162 1642 etiam
1188 1601 1262 1655 qui
1288 1603 1386 1642 ante
1411 1600 1499 1642 vim
1524 1600 1766 1643 Romanam

205 1658 431 1700 valuerant
461 1659 631 1700 decreta
661 1659 938 1714 ipsorumque
977 1660 1202 1701 numinum
1234 1659 1464 1714 religiones
1496 1659 1766 1714 introspexit,

137 1733 179 1764 15
205 1717 352 1771 libero,
383 1719 431 1759 ut
463 1717 689 1772 quondam,
721 1718 822 1772 quid
851 1719 1045 1760 firmaret
1074 1720 1322 1760 mutaretve.

136 1782 189 1823 61

323 1775 457 1817 Primi
490 1777 681 1818 omnium
707 1776 887 1832 Ephesii
913 1777 1067 1830 adiere,
1100 1778 1387 1818 memorantes
1413 1790 1513 1831 non,
1536 1778 1586 1818 ut
1611 1776 1766 1832 vulgus

206 1834 411 1888 crederet,
452 1834 637 1876 Dianam
684 1838 813 1890 atque
850 1835 1098 1889 Apollinem
1136 1835 1244 1877 Delo
1284 1834 1481 1890 genitos:
1521 1849 1614 1877 esse
1651 1835 1765 1889 apud

205 1907 250 1935 se
282 1892 545 1935 Cenchreum
583 1908 774 1949 amnem,
811 1894 955 1936 lucum
988 1893 1232 1949 Ortygiam,
1269 1893 1343 1936 ubi
1384 1892 1596 1935 Latonam
1637 1895 1766 1948 partu

203 1996 281 2031 und
314 1997 429 2032 sehon
465 1997 527 2032 bei
562 1996 700 2033 Cicero.
765 1997 812 2033 So
851 1997 952 2033 steht

203 2054 345 2080 noscere
368 2044 428 2078 fiir
453 2055 670 2089 coynoscere.

253 2106 308 2137 10.
359 2103 522 2139 diversus
548 2103 794 2148 ‚‚entlegen“‚
820 2102 890 2138 wie
918 2107 948 2146 1,

206 2153 248 2184 17
275 2150 436 2185 diversas
460 2151 502 2185 in
526 2153 652 2186 terras.
703 2153 742 2194 2,
769 2153 813 2184 60
841 2160 948 2185 mare.

204 2200 244 2238 3,
270 2200 291 2230 2
336 2198 474 2240 oppida
509 2197 585 2231 und
621 2197 687 2232 oft.
755 2189 856 2231 Uber
889 2196 949 2232 die

202 2242 477 2278 Konstruktion
512 2243 582 2278 mit
613 2243 699 2278 dem
731 2242 889 2280 Genetiv
920 2255 948 2279 s.

203 2288 301 2325 Einl.
328 2293 358 2332 ξ.
385 2293 441 2333 40,
468 2301 499 2326 a.

254 2351 308 2384 11.
329 2358 411 2383 cum
423 2349 582 2384 maxime
594 2349 754 2394 „gerade
769 2349 948 2394 damals“‚

205 2395 276 2430 wie
301 2399 334 2440 4,
361 2399 405 2431 27
432 2399 653 2441 coeptantem
683 2407 764 2431 cum
794 2397 951 2431 maaeime

204 2443 491 2478 coniurationem
520 2443 679 2487 disiecit,
713 2442 776 2477 bei
800 2442 949 2478 Tacitus

204 2489 371 2534 haufiger
399 2489 455 2525 als
479 2489 541 2525 bei
569 2489 697 2525 Cicero
717 2490 792 2524 und
813 2489 949 2534 Livius,

204 2535 301 2571 fehlt
332 2536 421 2571 aber
452 2536 513 2572 bei
544 2535 658 2572 Casar
693 2537 769 2571 und
799 2536 948 2572 Sallust.

251 2594 315 2630 60.
335 2598 368 2629 2.
394 2594 502 2630 Nach
516 2595 581 2631 der
597 2595 951 2640 republikanischen

204 2640 434 2686 Verfassung
470 2642 579 2676 stand
614 2642 674 2677 die
706 2642 951 2687 Entsendung

204 2689 279 2722 und
304 2688 635 2733 Entgegennahme
668 2700 742 2724 von
768 2689 948 2724 Gesandt-

205 2734 373 2769 schaften
398 2735 484 2770 dem
509 2736 644 2771 Senate
669 2748 723 2771 zu.

252 2795 283 2826 6.
334 2784 432 2827 Uber
455 2797 641 2838 suspectus
665 2794 735 2828 mit
767 2794 851 2828 dem
878 2792 948 2829 Ge-

203 2837 306 2873 netiv
331 2850 356 2872 s.
384 2851 427 2873 zu
454 2850 509 2883 cp.
530 2843 586 2875 29.
616 2859 659 2864 —-
687 2843 868 2884 receptare
899 2840 950 2874 ist

1022 1997 1082 2032 fiir
1107 1997 1259 2032 Tacitus
1288 1994 1353 2033 ἅπ.
1381 1996 1460 2041 sle„
1481 1997 1585 2031 sonst
1608 2008 1679 2031 nur
1703 1996 1766 2033 bei

1021 2043 1200 2080 Dichtern
1225 2044 1302 2079 und
1325 2043 1403 2079 Liv.
1430 2047 1462 2087 5,
1489 2046 1523 2080 8.

1071 2095 1102 2128 7.
1160 2092 1307 2127 validus
1339 2090 1410 2126 mit
1439 2091 1524 2125 dem
1549 2089 1663 2126 Dativ
1699 2089 1764 2125 des

1023 2137 1293 2173 Gerundivums
1335 2138 1429 2173 auch
1464 2141 1496 2180 3,
1532 2140 1587 2172 10.
1626 2140 1666 2180 4,
1700 2140 1764 2182 37;

1021 2185 1140 2221 findet
1176 2185 1254 2220 sich
1290 2186 1366 2220 erst
1405 2185 1444 2219 in
1479 2184 1549 2218 den
1582 2183 1766 2230 Annalen,

1022 2233 1127 2268 sonst
1151 2232 1212 2268 bei
1236 2231 1383 2267 keinem
1409 2229 1686 2266 Schriftsteller.

1071 2283 1102 2314 9.
1152 2280 1239 2314 iura
1270 2279 1352 2313 sind
1383 2278 1443 2313 die
1475 2275 1542 2312 auf
1563 2276 1628 2312 das
1654 2277 1764 2322 Asyl-

1023 2326 1130 2361 recht
1164 2325 1407 2370 bezsigliohen
1438 2323 1691 2368 Dokumente,
1725 2323 1765 2360 in

1023 2372 1163 2408 diesem
1189 2372 1300 2407 Sinne
1325 2370 1389 2406 ἅπ.
1417 2370 1483 2416 elo.

1072 2424 1126 2455 15.
1177 2420 1288 2455 libero
1313 2417 1368 2454 als
1395 2417 1587 2453 absoluter
1610 2416 1764 2454 Ablativ

1023 2468 1116 2502 statt
1146 2477 1226 2502 cum
1257 2466 1291 2501 ei
1321 2466 1472 2500 liberum
1503 2468 1606 2508 esset,
1632 2465 1764 2508 liceret,

1021 2513 1071 2549 ist
1089 2511 1152 2548 ἅπ.
1179 2511 1246 2556 εἰρ.
1289 2511 1375 2558 Vgl.
1396 2523 1439 2546 zu
1461 2515 1491 2555 1,
1512 2515 1532 2546 6
1546 2512 1762 2556 periculoso.

1069 2559 1132 2595 61.
1153 2563 1185 2595 2.
1222 2558 1325 2594 Delo.
1357 2558 1458 2594 Uber
1477 2558 1549 2593 den
1566 2557 1764 2594 Gebrauch

1022 2606 1086 2642 des
1112 2606 1262 2641 lokalen
1286 2605 1457 2641 Ablativs
1485 2617 1511 2640 s.
1532 2605 1629 2641 Einl.
1649 2608 1679 2648 ξ.
1705 2608 1762 2640 35.

1068 2657 1100 2688 3.
1154 2652 1325 2698 Ortyyia,
1357 2651 1417 2687 die
1443 2651 1575 2687 alteste
1601 2652 1677 2687 und
1702 2651 1764 2687 bei

1019 2699 1197 2735 Dichtern
1206 2698 1496 2735 vorkommende
1504 2698 1764 2744 Bezeichnung

1021 2747 1086 2781 der
1121 2746 1219 2781 Insel
1255 2746 1383 2790 Delos,
1429 2745 1502 2781 soll
1542 2745 1639 2781 nach
1676 2745 1762 2780 dem

1020 2793 1162 2827 alteren
1175 2792 1317 2827 Plinius
1337 2792 1433 2826 auch
1453 2792 1512 2827 ein
1532 2791 1628 2828 alter
1642 2791 1762 2827 Name

1019 2850 1092 2874 von
1116 2839 1285 2882 Ephesus
1309 2838 1398 2874 sein.
