1768 3120
163 133 221 176 54
610 133 837 171 CORNELII
863 133 1026 171 TACITI
1050 133 1313 170 ANNALIUM

162 257 217 285 ne
241 243 355 286 ultra
381 243 459 285 sub
485 242 652 285 vexillis
677 245 937 298 tenerentur,
971 242 1046 285 sed
1069 243 1203 284 isdem
1228 242 1275 284 in
1300 241 1452 284 castris
1477 241 1718 297 praemium

92 312 137 344 20
161 302 343 358 pecunia
377 302 624 344 solveretur.
686 317 742 344 an
771 302 1011 357 praetorias
1043 301 1260 355 cohortes,
1298 315 1405 357 quae
1438 301 1560 343 binos
1591 301 1717 343 dena.-

161 361 249 404 rios
283 362 538 416 acceperint,
576 375 683 417 quae
721 363 821 417 post
859 361 1042 403 sedecim
1074 375 1209 402 annos
1241 359 1470 415 penatibus
1503 360 1592 402 suis
1622 359 1717 402 red-

163 419 329 475 dantur,
359 421 455 475 plus
486 420 772 476 periculorum
804 419 1048 475 suscipere?
1079 434 1168 462 non
1194 419 1427 461 obtrectari
1458 433 1483 460 a
1515 433 1559 461 se
1590 418 1717 461 urba-

161 494 241 522 nas
272 479 491 534 excubias,
524 479 607 521 sibi
636 482 784 522 tamen
816 479 929 535 apud
959 478 1155 522 horridas
1188 480 1338 534 gentes
1371 492 1393 520 e
1426 477 1716 521 contuberniis

161 538 333 581 hostem
364 538 509 595 aspici.

92 596 146 639 18
278 596 569 652 Adstrepebat
608 597 784 652 vulgus,
826 596 1005 639 diversis
1050 595 1366 651 incitamentis,
1409 595 1455 637 hi
1492 595 1716 638 verberum

158 659 297 708 notas,
327 657 393 698 illi
424 656 643 707 canitiem,
673 655 847 711 plurimi
878 655 1036 698 detrita
1065 655 1259 712 tegmina
1292 657 1335 696 et
1365 654 1527 697 nudum
1559 669 1715 710 corpus

158 716 480 771 exprobrantes.
539 717 759 771 postremo
801 729 850 757 eo
887 715 1045 757 furoris
1086 728 1253 768 venere,
1296 716 1344 756 ut
1381 715 1472 756 tres
1517 713 1714 771 legiones

158 775 335 817 miscere
366 775 411 816 in
441 781 570 817 unam
608 774 876 831 agitaverint.
938 773 1103 829 depulsi
1136 773 1439 828 aemulatione,
1481 773 1580 828 quia
1611 788 1715 816 suae

111 843 133 875 5
159 833 338 889 quisque
368 834 530 889 legioni
561 847 657 875 eum
688 833 896 875 honorem
927 832 1207 888 quaerebant,
1247 832 1332 874 alio
1371 834 1545 874 vertunt
1585 833 1715 887 atque

158 907 244 935 una
273 897 362 935 tres
394 893 558 947 aquilas
590 896 634 934 et
665 892 788 947 signa
825 891 1067 934 cohortium
1105 892 1272 946 locant3
1313 891 1437 933 simul
1476 893 1716 948 congerunt

158 952 380 1007 caespites,
410 949 636 994 exstruunt
665 950 868 1002 tribunal,
899 965 982 1006 quo
1013 951 1153 1006 magis
1185 950 1415 1005 conspicua
1440 950 1561 993 sedes
1585 949 1711 994 foret.

156 1011 488 1066 properantibus
520 1009 699 1052 Blaesus
732 1009 906 1052 advenit
936 1009 1268 1065 increpabatque
1300 1023 1349 1051 ac
1379 1009 1597 1052 retinebat
1627 1010 1712 1052 sin-

158 1070 299 1124 gulos,
343 1070 569 1112 clamitans
610 1068 727 1110 ‘mea
765 1068 910 1123 potius
951 1068 1078 1110 caede
1117 1068 1297 1110 imbuite
1338 1083 1506 1110 manus:
1553 1069 1711 1112 leviore

89 1138 132 1170 10
157 1129 324 1184 flagitio
361 1129 551 1184 legatum
588 1127 854 1170 interficietis
894 1142 1024 1182 quam
1065 1127 1118 1169 ab
1159 1127 1417 1182 imperatore
1459 1127 1710 1170 desciscitis.

157 1191 232 1230 aut
263 1187 491 1230 incolumis
522 1187 651 1230 fidem
681 1187 900 1243 legionum
925 1186 1119 1229 retinebo
1146 1189 1220 1228 aut
1243 1185 1462 1242 iugulatus
1487 1186 1710 1242 paeniten-

156 1247 264 1289 tiam
297 1245 576 1289 adcelerabo.’

88 1304 141 1347 19
273 1306 576 1362 Aggerabatur
611 1304 748 1347 nihilo
786 1305 927 1346 minus
966 1318 1139 1359 caespes
1177 1304 1347 1359 iamque
1378 1304 1543 1359 pectori
1573 1318 1707 1360 usque

155 1364 419 1417 adcreverat‚
463 1379 559 1407 cum
607 1364 782 1406 tandem
824 1363 1066 1419 pervicacia
1107 1363 1209 1406 victi
1250 1363 1468 1418 inceptum
1512 1363 1707 1407 omisere.

153 1423 333 1467 Blaesus
364 1425 500 1466 multa
530 1423 696 1466 dicendi
727 1425 818 1465 arte
843 1436 930 1465 non
954 1436 1031 1478 per
1060 1422 1313 1464 seditionem
1346 1424 1390 1464 et
1419 1422 1567 1465 turbas
1599 1422 1709 1466 desi·

154 1483 272 1526 deria
308 1484 492 1525 militum
530 1483 583 1525 ad
615 1481 842 1525 Caesarem
880 1481 1053 1523 ferenda
1085 1481 1146 1523 ait
1175 1495 1312 1537 neque
1343 1483 1508 1524 veteres
1542 1482 1596 1524 ab
1627 1482 1705 1524 im-

108 1552 129 1584 5
154 1542 425 1598 peratoribus
474 1541 626 1598 priscis
669 1556 804 1598 neque
846 1540 966 1596 ipsos
1010 1555 1036 1582 a
1078 1538 1175 1582 divo
1219 1539 1419 1596 Augusto
1461 1543 1552 1582 tam
1595 1555 1709 1584 nova

153 1602 378 1657 petivisse,
428 1603 470 1643 et
511 1615 664 1656 parum
707 1601 751 1642 in
794 1603 986 1654 tempore
1034 1598 1288 1655 incipientes
1333 1599 1538 1654 principis
1583 1614 1708 1643 curas

155 1661 334 1703 onerari.
389 1660 425 1702 si
449 1663 595 1702 tamen
619 1659 840 1701 tenderent
865 1659 910 1700 in
935 1673 1044 1713 pace
1064 1660 1278 1714 temptare
1305 1673 1414 1714 quae
1438 1673 1492 1700 ne
1518 1658 1708 1702 civilium

153 1719 325 1774 quidem
355 1719 566 1762 bellorum
596 1719 778 1761 victores
818 1717 1204 1772 expostulaverint,
1242 1732 1317 1760 cur
1353 1720 1506 1760 contra
1542 1732 1707 1760 morem

154 1778 365 1834 obsequii,
400 1781 556 1821 contra
585 1778 651 1820 fas
683 1777 934 1832 disciplinae
967 1776 1054 1818 vim
1085 1776 1375 1818 meditentur?
1429 1777 1708 1819 decernerent

85 1847 128 1880 10
153 1837 323 1893 legatos
361 1852 489 1893 seque
527 1852 671 1880 coram
707 1837 910 1879 mandata
946 1835 1110 1878 darent.
1171 1835 1464 1878 adclamavere
1502 1839 1550 1878 ut
1590 1836 1707 1879 filius

1015 1967 1047 1999 8.
1082 1962 1137 1999 Ob
1164 1963 1450 2009 properantibus
1474 1962 1587 1999 Dativ
1617 1963 1708 2000 oder

967 2010 1120 2045 Ablativ
1136 2010 1201 2054 sei,
1217 2010 1268 2046 ist
1284 2009 1390 2046 nicht
1400 2023 1446 2045 zu
1456 2010 1705 2047 entscheiden.

1015 2057 1078 2093 19.
1107 2061 1138 2093 1.
1158 2058 1300 2103 pectori
1318 2074 1362 2087 ==
1383 2058 1432 2093 ad
1455 2060 1597 2103 pectus.

1015 2108 1049 2140 2.
1068 2106 1270 2141 adcrescere
1288 2104 1328 2140 in
1347 2104 1487 2141 diesem
1507 2104 1619 2141 Sinne
1636 2105 1708 2141 mit

968 2152 1053 2188 dem
1079 2152 1192 2188 Dativ
1223 2152 1288 2187 des
1314 2151 1433 2187 Zielee
1465 2152 1516 2187 ist
1546 2149 1610 2189 ἅπ.
1639 2151 1705 2196 elo.

967 2200 1011 2234 In
1037 2199 1103 2235 der
1126 2198 1348 2244 Bedeutung
1375 2198 1707 2243 „hinzukommen“

967 2247 1091 2282 haben
1122 2257 1161 2281 es
1193 2246 1308 2281 sehon
1332 2246 1495 2282 Friihere
1527 2247 1597 2282 mit
1620 2247 1707 2283 dem

155 1964 299 2010 cuitqae
335 1965 528 2001 denarium
565 1965 715 2001 sedecim
751 1965 894 2000 assibus

150 2013 367 2057 permutari.
406 2012 476 2047 Die
496 2012 672 2058 Truppen
691 2011 894 2057 verlangen

155 2059 235 2094 also
286 2059 367 2096 eine
421 2060 587 2104 tagliche
638 2059 774 2105 Zulage
822 2070 895 2094 von

155 2107 254 2142 etwa
286 2110 331 2142 25
356 2106 411 2142 Pf.
462 2106 532 2142 Die
564 2106 799 2142 Pratorianer
833 2107 896 2142 da-

156 2164 278 2199 gegen
307 2154 470 2199 bezogen
501 2157 521 2188 2
549 2154 692 2189 Denare
724 2156 783 2198 (=
806 2157 820 2188 1
845 2153 894 2189 M.

154 2204 201 2235 40
226 2200 296 2246 Pf.)
330 2201 406 2236 und
436 2200 587 2237 dienten
618 2213 687 2236 nur
714 2204 756 2236 16
784 2200 895 2236 Jahre

154 2248 249 2283 statt
273 2251 330 2283 20.

203 2298 260 2330 21.
286 2295 504 2341 acceperint,
531 2294 565 2330 d.
592 2295 628 2330 h.
655 2306 742 2330 man
766 2295 833 2329 hat
857 2306 895 2330 es

154 2342 268 2377 ihnen
302 2342 429 2378 friiher
465 2342 685 2388 zugebilligt
722 2342 798 2377 und
837 2342 894 2377 bis

150 2389 248 2435 jetzt
271 2390 454 2434 gelassen.

203 2440 259 2472 22.
292 2437 488 2472 obtrectare
522 2436 667 2472 kommt
692 2436 808 2472 sehon
831 2436 894 2472 bei

155 2483 282 2519 Livius
332 2483 402 2519 mit
451 2484 536 2519 dem
580 2483 780 2519 Accusativ
829 2483 894 2519 der

156 2530 274 2567 Sache
299 2542 376 2567 vor.

201 2577 269 2614 18.
304 2582 335 2614 1.
362 2579 564 2623 adstrepere
589 2578 665 2613 erst
687 2577 739 2613 im
765 2577 894 2613 eilber-

155 2636 229 2660 nen
254 2624 403 2669 Latein,
431 2626 471 2660 in
497 2625 637 2660 diesem
663 2624 773 2660 Sinne
799 2625 895 2661 &fter

154 2672 217 2707 bei
243 2672 406 2708 Tacitus.
433 2693 475 2699 —
504 2672 556 2707 Zu
580 2673 619 2708 hi
639 2693 682 2697 —
702 2673 780 2716 illi,
806 2673 892 2718 plu-

155 2720 243 2754 rimi
265 2720 341 2765 vgl.
362 2719 458 2755 Einl.
478 2723 508 2763 ξ.
531 2723 586 2755 72.

203 2770 234 2802 3.
251 2777 289 2802 eo
301 2767 439 2810 furoris
451 2778 574 2803 venere
587 2770 636 2803 ut.
653 2766 687 2804 S.
696 2765 829 2809 Ε1111.ξ.
838 2769 894 2802 41.

157 2813 663 2906 de3·{{.³l1⁷l“‘d{‘‡d{1}3302³120
677 2814 785 2896 ¹322?
790 2814 895 2896 &313²

156 2906 318 2943 zeichen.

967 2293 1092 2329 Dativ.

1014 2345 1046 2376 3.
1078 2341 1193 2376 multa
1219 2360 1263 2365 —
1289 2343 1366 2375 arte
1399 2339 1450 2375 iet
1482 2340 1588 2377 nicht
1620 2340 1702 2377 Abl.

966 2387 1155 2431 instrum,
1195 2387 1354 2422 sondern
1387 2387 1596 2432 qualitatis,
1635 2388 1706 2424 mit

968 2435 1085 2470 Brach
1114 2434 1210 2479 logie
1236 2434 1335 2480 (‚,ein
1354 2433 1468 2469 Mann
1491 2445 1566 2470 von
1585 2435 1702 2481 ctt.“).

967 2482 1000 2518 S.
1022 2481 1091 2516 Ein
1109 2508 1116 2517 .
1137 2486 1166 2524 ς.
1187 2484 1243 2516 38.

1014 2533 1047 2564 7.
1072 2529 1263 2565 tenderent.
1306 2519 1406 2572 Uber
1430 2528 1502 2564 den
1526 2528 1704 2611 Temlpue-

966 2575 1126 2612 wechsel
1174 2574 1226 2610 im
1275 2575 1491 2622 Folgenden
1539 2587 1567 2613 s,
1639 2575 1703 2613 inl.

988 2650 994 2658 .
1017 2626 1059 2658 15
1091 2633 1121 2658 c.

965 2627 985 2667 ἓ
1013 2674 1046 2706 8.
1063 2650 1243 2705 ’bellorum
1267 2669 1427 2705 victores.
1459 2669 1534 2706 Cic.
1552 2682 1588 2716 p.
1607 2669 1702 2706 Mur.

969 2721 1014 2752 14
1039 2717 1143 2753 caius
1167 2717 1250 2752 belli
1272 2717 1396 2752 victor.
1434 2716 1531 2753 Vell.
1551 2721 1585 2762 2,
1604 2721 1662 2759 55,
1680 2721 1702 2754 2

966 2765 1079 2801 victor
1088 2763 1264 2807 Africani
1277 2764 1368 2799 belli.
1396 2763 1472 2801 Cic.
1485 2764 1571 2799 fam.
1586 2768 1619 2810 9,
1633 2769 1666 2810 6,
1680 2768 1702 2801 8
1764 2787 1768 2800 .

966 2812 1086 2848 civilis
1110 2811 1193 2847 belli
1215 2812 1379 2847 victoria.
1406 2831 1451 2837 —
1476 2813 1704 2857 expostulare

966 2858 1276 2942 {tgttcipglsgalare
1310 2857 1446 2903 selten,
1481 2859 1577 2895 doch
1605 2859 1702 2896 auch
