1794 3126
102 1804 160 1847 50

163 103 248 145 156

594 100 824 138 CORNELII
847 100 1010 136 TACITI
1033 99 1294 136 ANNALIUM

161 211 311 254 Iunius
342 211 553 254 Marullus
591 210 740 254 consul
778 209 1027 265 designatus
1066 207 1336 250 adimendam
1372 221 1445 250 reo
1477 210 1722 262 praeturam

161 270 483 326 necandumque
516 285 646 316 more.
665 269 888 312 maiorum.
939 268 1089 311 ceteris
1114 267 1212 309 inde
1238 266 1586 322 adsentientibus,
1617 265 1722 308 Pae·

162 332 233 372 tus
259 330 461 385 Thrasea,
493 330 628 372 multo
661 343 756 371 cum
788 328 950 370 honore
977 326 1173 370 Caesaris
1205 328 1248 368 et
1279 325 1484 368 acerrime
1514 325 1723 381 increpito

164 388 369 444 Antistio,
400 403 488 431 non
519 388 724 444 quidquid
753 401 912 429 nocens
943 401 1039 428 reus
1071 386 1163 442 pati
1193 387 1444 440 mereretur,
1474 384 1519 426 id
1551 384 1723 440 egregio

95 456 138 488 15
167 448 246 490 sub
277 449 468 503 principe
500 451 544 490 et
574 447 695 489 nulla
725 446 984 487 necessitate
1016 438 1223 487 obstricto
1257 444 1425 486 senatui
1451 443 1726 485 statuendum

164 507 384 561 disseruit3
424 507 666 549 carnificem
704 507 746 547 et
783 504 984 559 laqueum
1015 504 1181 559 pridem
1213 504 1394 558 abolita,
1431 504 1474 544 et
1505 516 1597 544 esse
1627 515 1726 557 poe-

163 581 241 608 nas
280 566 450 622 legibus
488 565 764 618 constitutas,
805 563 959 618 quibus
997 563 1089 605 sine
1120 563 1309 605 iudicum
1341 561 1520 604 saevitia
1551 563 1594 603 et
1622 564 1728 603 tem-

163 639 317 680 porum
348 625 526 666 infamia
558 623 767 678 supplicia
803 622 1142 664 decernerentur.
1204 623 1308 677 quin
1339 622 1386 663 in
1415 620 1557 663 insula
1585 620 1728 675 publi-

168 684 277 726 catis
315 683 456 738 bonis,
495 697 579 738 quo
613 682 786 737 longius
820 683 988 722 sontem
1018 681 1153 723 vitam
1183 681 1406 736 traxisset,
1442 694 1492 722 eo
1523 679 1728 734 privatim

94 751 140 782 20
168 743 435 784 miseriorem
456 745 500 784 et
519 741 714 796 publicae
735 740 986 782 clementiae
1005 740 1239 782 maximum
1259 739 1500 794 exemplum
1523 738 1726 780 futurum.

94 799 151 841 49

284 801 481 844 Libertas
514 801 731 843 Thraseae
769 799 989 841 servitium
1027 799 1210 841 aliorum
1247 799 1380 853 rupit,
1418 800 1462 840 et
1495 800 1726 853 postquam

170 861 471 903 discessionem
499 859 649 902 consul
674 859 939 914 permiserat,
963 858 1143 913 pedibus
1167 858 1214 899 in
1240 857 1498 899 sententiam
1521 856 1611 898 eius
1629 855 1729 909 iere,

168 921 318 975 paucis
345 919 546 974 exceptis,
577 919 622 960 in
652 918 805 974 quibus
833 917 1078 959 adulatione
1103 916 1448 972 promptissimus
1473 915 1556 957 fuit
1579 915 1631 958 A.
1657 915 1731 958 Vi-

167 979 326 1034 tellius,
359 979 565 1034 optimum
601 992 810 1033 quemque
841 976 981 1032 iurgio
1013 977 1228 1018 lacessens
1261 978 1304 1017 et
1328 974 1603 1029 respondenti
1626 975 1728 1016 reti-

123 1045 143 1077 5
170 1052 284 1093 cem,
315 1041 364 1080 ut
393 1038 551 1092 pavida
581 1037 756 1092 ingenia
787 1037 939 1078 solent.
989 1038 1035 1077 at
1066 1035 1260 1078 consules
1289 1034 1489 1089 perficere
1514 1033 1729 1075 decretum

171 1099 345 1139 senatus
377 1111 466 1139 non
498 1097 605 1152 ausi,
636 1097 686 1138 de
720 1110 929 1138 consensu
957 1095 1161 1149 scripsere
1188 1092 1373 1136 Caesari.
1418 1093 1491 1135 ille
1516 1092 1628 1134 inter
1652 1106 1731 1147 pu-

169 1156 315 1199 dorem
360 1159 403 1198 et
439 1156 549 1198 iram
586 1158 814 1198 cunctatus
823 1189 835 1210 ,
880 1156 1098 1209 postremo
1135 1153 1374 1208 rescripsit:
1417 1151 1537 1194 nulla
1566 1150 1732 1195 ‚iniuria

167 1218 448 1271 provocatum
486 1215 723 1257 Antistium
769 1213 1046 1270 gravissimas
1089 1213 1135 1255 in
1175 1212 1412 1268 principem
1449 1209 1731 1253 contumelias

170 1275 349 1330 dixisse3
384 1289 530 1317 earum
562 1274 769 1316 ultionem
801 1288 826 1314 a
856 1273 1053 1328 patribus
1084 1272 1360 1327 postulatam,
1391 1273 1434 1312 et
1461 1284 1539 1325 pro
1565 1269 1732 1325 magni-

99 1342 143 1374 10
168 1333 317 1376 tudine
344 1334 487 1376 delicti
513 1348 700 1389 poenam
727 1332 859 1374 statui
885 1346 964 1388 par
987 1332 1132 1374 fuisse.
1174 1333 1362 1373 ceterum
1387 1344 1444 1384 se,
1480 1328 1553 1384 qui
1578 1327 1733 1371 severi—

169 1395 305 1435 tatem
337 1393 655 1435 decernentium
685 1392 957 1446 inpediturus
989 1391 1129 1445 fuerit,
1161 1388 1500 1432 moderationem
1524 1402 1612 1430 non
1637 1401 1733 1442 pro-

168 1452 335 1494 hibere:
373 1454 612 1494 statuerent
648 1454 697 1493 ut
734 1451 912 1505 vellent,
949 1450 1095 1492 datam
1132 1452 1175 1491 et
1212 1447 1463 1491 absolvendi
1499 1447 1733 1489 licentiam.

169 1511 237 1553 his
279 1513 405 1567 atque
442 1511 602 1553 talibus
640 1511 831 1553 recitatis
870 1511 913 1552 et
950 1509 1183 1551 offensione
1222 1506 1469 1561 manifesta,
1511 1521 1599 1548 non
1635 1505 1730 1547 ideo

176 1573 250 1612 aut
294 1570 490 1613 consules
527 1573 748 1612 mutavere
786 1569 1038 1610 relationem
1077 1570 1151 1610 aut
1188 1567 1378 1609 Thrasea
1416 1565 1599 1607 decessit
1635 1578 1730 1606 sen-

107 1636 149 1668 15
175 1629 313 1671 tentia
345 1629 527 1671 ceterive
559 1643 667 1684 quae
699 1628 984 1683 probaverant
1011 1627 1244 1681 deseruere,
1275 1639 1387 1680 pars,
1418 1639 1471 1666 ne
1497 1623 1732 1679 principem

175 1689 382 1731 obiecisse
407 1688 593 1730 invidiae
619 1688 877 1741 viderentur,
902 1687 1044 1741 plures
1069 1700 1247 1727 numero
1273 1684 1368 1738 tuti,
1395 1683 1586 1725 Thrasea
1611 1684 1734 1724 sueta

174 1747 434 1789 firmitudine
466 1748 600 1789 animi
631 1750 675 1788 et
705 1761 758 1788 ne
791 1746 931 1801 gloria
961 1745 1243 1787 intercideret.

292 1805 418 1848 Haud
457 1805 618 1861 dispari
654 1805 831 1847 crimine
868 1804 1091 1846 Fabricius
1122 1803 1307 1845 Veiento
1347 1801 1617 1844 conflictatus
1655 1802 1733 1855 est,

173 1865 287 1921 quod
325 1866 462 1907 multa
500 1869 543 1906 et
579 1865 789 1919 probrosa
819 1864 865 1905 in
895 1865 1040 1918 patres
1073 1865 1117 1904 et
1149 1861 1392 1904 sacerdotes
1424 1859 1734 1915 composuisset

172 1925 224 1966 iis
256 1924 377 1966 libris
410 1924 562 1979 quibus
594 1938 752 1966 nomen
778 1923 1071 1966 codicillorum
1097 1922 1282 1963 dederat.
1332 1919 1542 1962 adiciebat
1566 1917 1731 1960 Tullius

175 1982 378 2026 Geminus
411 1985 636 2026 accusator
667 1982 887 2025 venditata
918 1982 972 2024 ab
1004 1996 1053 2023 eo
1086 1995 1263 2022 munera
1293 1978 1498 2035 principis
1530 1980 1573 2020 et
1599 1977 1732 2032 adipi-

223 2079 278 2111 12.
304 2086 399 2111 more
417 2076 607 2118 maiorum,
630 2074 824 2119 staupung
841 2073 918 2109 und

175 2123 456 2168 Enthauptung.

223 2161 391 2205 13.llber
418 2170 583 2205 Thrasea
608 2180 636 2204 s.
662 2181 706 2203 zu
733 2173 788 2212 13,
814 2172 870 2203 49.

223 2221 277 2252 15.
317 2221 349 2252 et
382 2218 488 2252 nulla
520 2216 638 2252 bildet
668 2217 803 2251 ebenso
836 2216 917 2251 eine

174 2265 430 2300 unklassische
462 2264 644 2299 Parataxe
675 2263 744 2299 wie
775 2264 846 2308 ΚΡ.
872 2267 916 2298 47

175 2315 207 2347 et
232 2312 481 2347 adulantibus.

221 2358 286 2395 49.
319 2363 350 2395 3.
377 2359 419 2395 A.
440 2358 626 2400 Vitellius,
652 2356 794 2393 Konsul
812 2356 863 2392 im
884 2357 917 2392 J.

174 2410 237 2448 48,
263 2406 314 2442 ist
339 2406 404 2441 der
429 2408 574 2451 spatere
599 2405 741 2440 Kaiser.

222 2457 255 2488 4.
283 2454 428 2489 reticere
452 2453 522 2488 mit
547 2452 631 2487 dem
652 2452 764 2487 Dativ
787 2451 839 2486 ist
857 2450 918 2486 bei

176 2501 260 2537 Tac.
282 2497 346 2536 ἅπ.
362 2499 441 2546 εἰρ.,
460 2500 577 2535 findet
596 2500 675 2534 sich
694 2501 783 2534 aber
805 2499 919 2534 sehon

176 2548 238 2583 bei
264 2547 361 2583 Ovid
391 2548 467 2583 und
492 2547 629 2583 Livius.
681 2547 793 2582 Sonst
820 2546 920 2580 steht

177 2606 215 2630 es
243 2595 390 2630 absolut
415 2595 503 2630 oder
527 2593 598 2630 mit
617 2594 702 2629 dem
720 2592 921 2628 Accusativ

180 2642 245 2678 der
270 2642 399 2678 Sache.

226 2693 257 2725 5.
296 2690 485 2734 perficere,
532 2689 647 2723 durch
691 2687 921 2722 schriftliche

178 2737 460 2781 Aufzeichnung
483 2736 580 2771 nach
605 2735 832 2779 Entlassung
857 2734 921 2768 des

179 2783 351 2828 Senates,
389 2787 497 2818 unter
534 2783 694 2827 Leitung
730 2782 794 2817 des
831 2781 922 2817 Vor-

179 2829 367 2865 sitzenden
393 2831 468 2865 und
488 2830 588 2865 eines
608 2828 921 2864 Redaktionsaus-

180 2877 348 2912 schusses
375 2879 452 2922 (qui
476 2878 664 2913 scribendo
689 2877 867 2920 aderant).

1039 2077 1093 2109 16.
1113 2075 1216 2108 sueta
1233 2070 1458 2116 firmitudine
1475 2070 1541 2106 ctt.
1567 2069 1642 2105 Das
1655 2067 1736 2105 hier

991 2119 1311 2165 ausgesprochene
1342 2118 1420 2153 Lob
1456 2117 1600 2152 stimmt
1629 2116 1736 2152 nicht

991 2179 1084 2213 ganz
1108 2166 1260 2202 fiberein
1287 2165 1357 2201 mit
1374 2165 1445 2210 ΚΡ.
1473 2168 1533 2200 12:
1558 2164 1630 2199 sibi
1647 2174 1735 2199 cau-

990 2226 1070 2250 sam
1088 2214 1249 2259 periculi
1273 2213 1374 2257 fecit,
1407 2212 1529 2247 ceteris
1556 2211 1734 2247 libertatis

991 2263 1141 2298 initium
1165 2271 1242 2296 non
1263 2260 1444 2305 praebuit.

1039 2308 1104 2344 50.
1150 2313 1180 2344 1.
1218 2307 1377 2353 Vejento
1415 2318 1492 2342 war
1529 2306 1639 2351 (nach
1669 2305 1734 2340 Ju-

992 2357 1114 2401 venal)
1148 2357 1256 2391 unter
1286 2354 1476 2390 Domitian
1508 2354 1568 2389 ein
1597 2353 1735 2398 gemei-

991 2415 1057 2439 ner
1083 2402 1336 2438 Schmeichler
1360 2402 1436 2436 und
1462 2401 1623 2436 Delator.
1659 2399 1735 2435 Der

987 2451 1145 2496 jungere
1169 2449 1313 2485 Plinius
1345 2449 1513 2484 erwahnt
1542 2447 1609 2482 ihn
1638 2447 1735 2482 noch

993 2499 1047 2534 als
1073 2498 1182 2533 einen
1206 2496 1406 2542 Giinstling
1431 2495 1495 2530 des
1520 2494 1654 2530 Nerva.

1041 2550 1073 2580 3.
1117 2545 1374 2581 codicillorum.
1429 2542 1480 2577 Er
1515 2541 1619 2576 hatte
1654 2541 1734 2577 also

993 2593 1102 2628 unter
1127 2593 1211 2627 dem
1234 2590 1334 2626 Titel
1359 2590 1476 2625 seines
1495 2588 1734 2633 „Testamen-

993 2641 1075 2675 tes“
1112 2639 1193 2675 eine
1226 2637 1346 2673 Satire
1384 2646 1503 2682 gegen
1534 2636 1734 2671 vornehme

994 2687 1256 2732 Zeitgenossen
1288 2683 1536 2730 geschrieben.
1570 2702 1616 2708 —
1647 2682 1736 2718 Tul-

993 2733 1066 2769 lius
1092 2733 1269 2769 Geminus
1294 2731 1439 2767 kommt
1463 2729 1530 2765 auf
1551 2729 1652 2764 einer
1677 2730 1735 2765 In—

995 2780 1127 2817 schrift
1150 2781 1205 2816 als
1231 2778 1373 2815 Konsul
1399 2777 1505 2812 unter
1530 2776 1630 2812 Nero
1654 2787 1732 2812 vor.

1041 2833 1074 2864 4.
1109 2829 1296 2864 venditata
1326 2835 1477 2860 munera
1508 2825 1574 2859 ctt.
1599 2824 1735 2859 bedeu-

993 2876 1066 2920 tet,
1101 2875 1181 2910 dass
1211 2873 1369 2918 Vejento
1402 2882 1473 2906 von
1506 2870 1643 2916 denen,
1672 2869 1734 2907 die
