1806 3120
0 531 9 548 ἶ
71 492 302 536 metuebat.

0 2268 11 2420 l

567 86 712 123 LIBER
725 85 783 123 -ΙΙ,
827 85 930 122 CAP.
957 89 1111 122 64—66.
1546 83 1634 126 135

69 196 211 254 poridi
235 196 381 250 cessit3
407 195 687 252 ipsorumque
712 209 864 252 regum
889 193 1077 250 ingenia,
1101 193 1166 235 illi
1191 193 1295 235 mite
1322 195 1366 234 et
1391 206 1632 246 amoenum,

68 257 170 299 huic
195 258 329 308 atrOX,
360 255 531 297 avidum
565 258 608 297 et
639 254 860 297 societatis
884 253 1102 309 inpatiens
1129 255 1234 295 erat.
1266 251 1340 294 sed
1366 251 1507 308 primo
1534 250 1631 293 sub-

71 316 171 358 dola
197 314 426 358 concordia
457 328 593 370 egere,
624 329 724 357 mox
749 313 1042 368 Rhescuporis
1075 311 1219 369 egredi
1246 311 1365 363 fines,
1396 312 1562 353 vertere
1587 310 1633 351 in

71 389 116 418 se
142 373 271 430 Cotyi
296 373 397 416 data
427 376 471 416 et
494 373 716 416 resistenti
741 373 829 416 vim
855 372 1009 428 facere,
1034 373 1288 414 cunctanter
1314 370 1632 425 subAugusto,

70 448 195 490 quem
246 436 466 476 auctorem
515 433 739 488 utriusque
794 432 936 490 regni,
992 431 1029 473 si
1079 434 1350 486 sperneretur
1359 463 1370 485 ,
1418 429 1634 472 vindicem

385 493 602 535 enimvero
659 492 806 534 audita
863 491 1103 533 mutatione
1158 489 1369 545 principis
1412 488 1630 531 inmittere

71 552 287 595 latronum
320 552 485 608 globos,
516 551 740 594 excindere
771 551 963 604 castella,
994 564 1145 593 causas
1176 550 1305 593 bello.

1660 438 1704 472 15

185 611 307 654 Nihil
339 626 472 667 aeque
498 611 718 654 Tiberium
744 611 919 653 anxium
944 610 1133 653 habebat
1165 623 1294 665 quam
1324 622 1379 650 ne
1405 607 1633 663 conposita
1646 607 1704 651 65

67 671 357 714 turbarentur.
434 671 586 726 deligit
626 670 937 724 centurionem,
987 669 1062 725 qui
1104 669 1324 711 nuntiaret
1365 667 1540 723 regibus
1577 681 1631 710 ne

69 730 202 772 armis
250 731 560 786 disceptarent3
611 730 842 785 statimque
890 745 916 771 a
959 727 1096 784 Cotye
1147 728 1324 770 dimissa
1373 729 1474 770 sunt
1523 740 1631 782 quae

66 792 294 845 paraverat
318 790 488 833 auxilia.
537 789 829 844 Rhescuporis
853 789 956 831 ficta
980 788 1193 831 modestia
1223 787 1419 843 postul'at
1450 786 1632 829 eundem

66 850 112 890 in
155 849 297 892 locum
335 849 539 892 coiretur:
582 863 710 904 posse
742 849 793 891 de
832 847 1135 892 controversiis
1174 846 1401 903 conloquio
1434 846 1630 902 transigi.

65 923 145 951 nec
177 908 249 951 diu
281 909 523 951 dubitatum
557 908 608 950 de
639 911 848 963 tempore,
878 908 993 963 loco,
1025 907 1123 949 dein
1156 906 1496 960 condicionibus,
1533 920 1631 947 cum

65 967 176 1010 alter
206 968 436 1024 facilitate,
473 968 584 1010 alter
616 968 763 1010 fraude
795 970 950 1010 cuncta
986 968 1100 1009 inter
1131 981 1176 1008 se
1208 965 1491 1008 concederent
1521 964 1631 1007 acci-

62 1030 314 1083 perentque.
370 1027 661 1083 Rhescuporis
701 1027 948 1082 sanciendo,
978 1029 1027 1068 ut
1058 1025 1305 1080 dictitabat,
1335 1024 1499 1068 foederi
1533 1038 1629 1067 con-

61 1086 223 1129 vivium
256 1086 399 1138 adicit,
430 1089 656 1142 tractaque
682 1087 729 1129 in
756 1086 937 1128 multam
969 1088 1141 1128 noctem
1172 1084 1341 1127 laetitia
1373 1099 1449 1139 per
1481 1084 1630 1139 epulas

61 1160 111 1188 ac
155 1146 436 1188 vinolentiam
467 1147 686 1188 incautum
732 1144 874 1201 Cotyn
921 1148 981 1199 et,
1027 1147 1259 1201 postquam
1306 1144 1455 1186 dolum
1503 1143 1630 1185 intel-

62 1204 239 1260 lexerat,
270 1220 393 1248 sacra
417 1205 552 1262 regni,
578 1205 767 1248 eiusdem
794 1205 982 1247 familiae
1010 1204 1110 1246 deos
1137 1206 1181 1246 et
1206 1203 1436 1259 hospitalis
1458 1217 1630 1245 mensas

63 1264 355 1307 obtestantem
388 1265 550 1307 catenis
577 1268 741 1308 onerat.
792 1264 1087 1319 Thraeciaque
1120 1263 1238 1306 omni
1262 1263 1428 1318 potitus
1456 1262 1632 1317 scripsit

64 1323 118 1365 ad
149 1323 369 1366 Tiberium
410 1326 598 1367 structas
638 1324 721 1367 sibi
759 1323 964 1379 insidias,
1003 1326 1284 1378 praeventum
1315 1322 1631 1377 insidiatorem3

63 1382 193 1425 simul
217 1384 378 1426 bellum
404 1383 608 1426 adversus
636 1383 875 1426 Bastarnas
902 1381 1168 1438 Scythasque
1193 1381 1480 1438 praetendens
1506 1381 1631 1423 novis

62 1442 257 1498 peditum
289 1446 333 1484 et
364 1444 556 1499 equitum
587 1443 724 1498 copiis
757 1457 848 1485 sese
879 1443 1094 1485 firmabat.
1141 1442 1329 1484 molliter
1360 1441 1630 1496 rescriptum,

64 1501 101 1543 si
131 1502 248 1544 fraus
281 1503 463 1558 abesset,
488 1517 616 1558 posse
650 1517 746 1544 eum
777 1503 1050 1545 innocentiae
1081 1501 1236 1556 fidere3
1271 1504 1462 1544 ceterum
1492 1514 1631 1556 neque

62 1575 107 1603 se
137 1575 275 1617 neque
313 1564 513 1604 senatum
552 1561 638 1604 nisi
677 1562 854 1617 cognita
890 1576 1018 1604 causa
1048 1561 1116 1603 ius
1155 1564 1198 1603 et
1240 1560 1446 1602 iniuriam
1477 1559 1631 1602 discre-

61 1622 200 1663 turos:
239 1621 417 1675 proinde
459 1621 621 1664 tradito
663 1620 800 1677 Cotye
839 1621 1007 1663 veniret
1043 1620 1385 1676 transferretque
1424 1619 1631 1662 invidiam

70 1694 273 1722 crimmis.
944 1695 947 1697 ·

1656 857 1678 889 5

1658 1154 1703 1187 10

1658 1450 1703 1484 15

180 1738 268 1781 Eas
299 1740 470 1782 litteras
503 1739 700 1782 Latinius
733 1739 936 1782 Pandusa
972 1754 1051 1795 pro
1084 1742 1285 1794 praetore
1316 1738 1506 1781 Moesiae
1533 1753 1629 1781 cum
1644 1739 1702 1782 66

61 1798 287 1853 militibus,
318 1799 413 1854 quis
446 1798 582 1854 Cotys
613 1800 867 1855 traderetur,
898 1799 944 1841 in
968 1799 1223 1841 Thraeciam
1250 1798 1381 1841 misit.
1437 1798 1628 1840 Rhescu-

60 1858 179 1913 poris
226 1858 340 1900 inter
382 1861 544 1900 metum
589 1862 632 1900 et
671 1859 781 1901 iram
830 1861 1053 1901 cunctatus
1094 1858 1250 1900 maluit
1290 1858 1453 1913 patrati
1499 1872 1629 1913 quam

61 1916 223 1971 incepti
267 1917 472 1960 facinoris
516 1932 612 1960 reus
660 1933 773 1961 esse:
822 1918 957 1960 occidi
1002 1916 1148 1972 Cotyn
1196 1917 1317 1959 iubet
1360 1919 1629 1972 mortemque

112 2025 166 2056 12.
210 2021 396 2066 inpatiens
426 2021 497 2056 mit
527 2022 613 2057 dem
650 2020 808 2058 Genetiv

60 2068 113 2103 ist
131 2068 194 2104 bei
207 2068 359 2104 Tacitus
378 2068 518 2114 h'aufig,
534 2069 631 2104 fehlt
649 2069 689 2105 in
708 2069 808 2104 klas-

65 2116 207 2152 siseher
232 2117 347 2152 Prosa
372 2116 448 2151 und
474 2116 662 2152 erscheint
686 2120 810 2152 zuerst

59 2163 121 2199 bei
152 2163 292 2209 virgil,
332 2163 431 2198 dann
467 2163 530 2199 bei
566 2163 694 2199 Livius
730 2164 808 2200 und

59 2210 250 2257 Sp'ateren.

111 2262 166 2294 13.
202 2262 335 2295 vertere
354 2259 397 2294 in
414 2269 451 2294 se
475 2258 579 2304 „sich
600 2259 807 2304 aneignen“

60 2305 109 2342 ist
133 2302 198 2342 ἆπ.
220 2305 299 2351 εἰρ..
338 2305 467 2342 Cicero
494 2309 581 2352 sagt
599 2307 707 2342 dafiir
731 2318 807 2343 ver-

60 2357 132 2389 tere
156 2354 206 2389 ad
229 2364 277 2397 se,
301 2354 455 2389 andere:
482 2358 681 2390 convertere
699 2355 740 2390 in
759 2365 804 2390 se.

108 2404 163 2437 14.
212 2405 426 2437 cunctanter
462 2403 538 2437 erst
575 2402 647 2437 seit
679 2402 807 2437 Livius

60 2448 338 2494 gebrauchlich,
359 2449 458 2484 daun
475 2449 538 2484 bei
563 2448 712 2485 Curtius
731 2449 807 2485 und

61 2495 114 2531 im
138 2496 326 2532 silbernen
352 2495 496 2531 Latein.

106 2547 161 2580 16.
211 2545 389 2579 enimvero
416 2543 552 2588 „aber“
578 2543 646 2580 hat
670 2544 710 2579 T.
732 2544 809 2580 erst

61 2589 101 2626 in
131 2591 204 2626 den
234 2590 422 2633 Annalem
461 2591 668 2627 ausserdem
707 2591 809 2627 steht

0 2855 2 2857 ’
0 2711 17 2843 *vuum

0 2885 9 2928 ζ
62 2883 119 2919 cp.
145 2853 200 2911 5⁰7.

62 2646 102 2672 es
130 2637 169 2673 in
201 2637 322 2674 dieser
354 2637 577 2684 Bedeutung
608 2638 723 2675 sehon
747 2639 809 2675 bei

61 2682 188 2721 Cicero
212 2685 288 2721 und
313 2684 452 2721 Livius.

111 2735 166 2769 17.
205 2743 345 2768 causas.
388 2724 489 2768 'Uber
510 2732 570 2768 die
584 2732 808 2779 Apposition

62 2790 108 2814 zu
131 2778 252 2816 einem
278 2780 387 2815 Satze
415 2792 442 2815 s.
467 2779 564 2815 Einl.
590 2784 620 2824 §-
647 2784 704 2817 47.

109 2826 158 2862 65
225 2831 254 2863 1.
298 2828 453 2863 anaeium
477 2828 639 2864 habebat.
691 2827 726 2863 S.
754 2839 800 2863 zu

929 2026 961 2057 8.
1000 2022 1197 2057 sanciendo
1223 2022 1370 2065 foederi.
1408 2011 1509 2056 Uber
1528 2020 1631 2057 <nese

880 2069 1185 2104 nachklassische
1200 2069 1309 2104 Form
1324 2069 1389 2104 des
1399 2068 1631 2104 Finalsatzes

881 2128 908 2151 s.
937 2116 1032 2152 EinL
1059 2120 1090 2160 §-
1118 2120 1195 2152 109.

929 2168 984 2199 11.
1033 2174 1142 2200 saera
1180 2163 1269 2208 „die
1295 2162 1520 2210 Heiligkeit,
1553 2163 1630 2199 Un-

879 2211 1219 2256 verletzlichkeit“‚
1257 2211 1327 2246 wie
1362 2216 1400 2254 1,
1438 2214 1483 2246 42
1522 2222 1631 2247 saera

880 2260 1082 2304 leyationis.
1123 2280 1167 2284 —
1205 2260 1310 2306 reyni
1347 2259 1444 2303 „der
1468 2259 1630 2304 Konigs-
1692 2298 1696 2301 ⁴

878 2306 1042 2342 wfirde“.
1069 2327 1112 2333 —
1145 2317 1303 2351 mensae,
1337 2306 1542 2352 eigentlich
1569 2306 1630 2342 die

879 2354 1172 2390 verschiedenen
1193 2354 1322 2399 Gange
1348 2354 1414 2390 der
1439 2354 1628 2398 Mahlzeit‚

880 2400 952 2436 wie
964 2403 1126 2447 primae,
1151 2402 1331 2438 secundae
1357 2412 1517 2444 mensae,
1544 2401 1630 2436 sehr

880 2449 1002 2484 selten
1045 2450 1139 2484 statt
1173 2449 1237 2484 des
1277 2448 1480 2495 Singulars.
1542 2448 1628 2493 Vgl.

878 2495 959 2532 Liv.
981 2500 1038 2538 23,
1054 2500 1074 2531 9
1100 2497 1146 2532 ab
1161 2497 1336 2542 hospitali
1353 2507 1477 2532 mensa
1495 2496 1627 2541 suryis.

928 2547 983 2578 14.
1011 2543 1080 2578 Die
1106 2545 1318 2588 Bastarna,
1339 2544 1399 2579 die
1419 2543 1546 2578 Livius
1567 2555 1626 2578 zu-

880 2592 956 2626 erst
973 2590 1152 2634 erwahnt,
1166 2591 1342 2627 wohnten
1360 2589 1533 2626 nordlich
1554 2602 1627 2626 von

883 2637 954 2673 den
980 2638 1206 2683 Karpathen.

883 2731 914 2768 C
931 2688 983 2720 18.
1044 2686 1344 2731 transferretque,
1383 2685 1550 2720 n‘amlich
1586 2686 1629 2721 in

913 2737 1010 2778 otyn.

927 2780 990 2816 66.
1018 2783 1049 2814 1.
1075 2780 1252 2815 Latinius
1271 2780 1322 2815 ist
1340 2779 1379 2814 in
1398 2778 1542 2815 Mosien
1562 2779 1627 2816 der

878 2826 1109 2872 Nachfolger
1146 2826 1210 2863 des
1243 2826 1412 2873 Legaten
1446 2826 1624 2872 Sabinus3

878 2875 952 2920 vgl.
979 2887 1023 2910 zu
1049 2878 1080 2919 1,
1106 2878 1162 2911 80.
