1774 3100
0 0 42 54 ff,

0 59 13 95 ὲ

562 90 710 127 LIBER.
731 90 760 127 1.
811 90 914 127 GAP.
941 94 1094 127 εει-62.
1556 91 1612 137 81

38 200 259 256 legionum
285 213 439 241 manus
465 199 763 253 ostentabaut3
795 198 894 240 dein
919 198 1128 241 semiruto
1154 198 1283 253 vallo,
1307 198 1464 241 humili
1489 199 1610 243 fossa

41 259 208 303 accisae
238 259 325 300 iam
356 257 566 313 reliquiae
597 257 842 300 consedisse
871 257 1252 313 intellegebantur:
1293 258 1433 300 medio
1466 259 1610 314 campi

41 317 234 360 albentia
264 331 381 371 ossa,
418 319 467 358 ut
504 316 724 372 fugerant,
760 319 810 359 ut
846 317 1116 370 restiterant,
1155 316 1334 358 disiecta
1370 316 1439 359 vel
1477 330 1607 372 agge·
1635 329 1680 361 10

39 378 148 420 rata.
209 375 464 419 adiacebant
493 375 714 431 fragmina
751 376 936 418 telorum
974 390 1264 431 equorumque
1302 378 1442 431 artus,
1481 376 1610 419 simul

39 435 205 478 truncis
238 435 440 477 arborum
473 435 662 477 antefixa
686 449 775 478 ora.
824 435 933 477 lucis
964 435 1221 491 propinquis
1253 435 1464 478 barbarae
1497 450 1613 492 arae,

41 494 154 549 apud
185 508 291 549 quas
323 493 522 536 tribunos
555 509 604 536 ac
636 495 875 548 primorum
907 494 1108 536 ordinum
1141 493 1414 537 centuriones
1447 497 1612 537 macta-

42 555 202 597 verant.

264 555 307 595 et
336 552 470 595 cladis
503 553 594 595 eius
627 553 895 609 superstites,
925 567 1120 608 pugnam
1151 556 1226 596 aut
1257 554 1430 596 vincula
1461 554 1613 609 elapsi,

40 612 286 655 referebant
316 611 387 654 hic
424 612 627 654 cecidisse
663 613 850 668 legatos,
880 612 970 654 illic
1007 617 1152 667 raptas
1192 613 1380 668 aquilas;
1418 613 1609 668 primum
1636 624 1679 657 15

39 671 116 714 ubi
154 671 311 713 vulnus
344 669 460 713 Varo
504 671 724 726 adactum,
768 671 842 714 ubi
886 671 1050 714 infelici
1093 672 1271 714 dextera
1314 674 1359 714 et
1400 686 1476 714 suo
1518 672 1611 715 ictu

41 732 225 773 mortem
263 730 496 785 invenerit3
535 745 619 786 quo
658 731 865 773 tribunali
903 731 1181 773 contionatus
1221 731 1466 785 Arminius,
1505 734 1613 787 quot

36 789 240 845 patibula
277 789 481 845 captivis,
519 804 629 845 quae
667 791 860 845 scrobes,
901 792 1035 845 utque
1076 790 1213 846 signis
1256 792 1300 832 et
1340 791 1496 846 aquilis
1535 805 1614 846 per

41 848 288 903 superbiam
319 848 531 891 inluserit.

158 907 298 963 Igitur
328 907 548 950 Romanus
587 909 662 963 qui
698 908 848 951 aderat
884 909 1095 952 exercitus
1134 910 1304 951 sextum
1340 911 1442 964 post
1473 909 1608 951 cladis
1624 909 1682 954 62

43 981 205 1010 annum
235 967 369 1008 trium
406 967 625 1022 legionum
657 982 774 1022 ossa,
810 968 932 1010 nullo
970 971 1176 1011 noscente
1208 968 1372 1010 alienas
1403 968 1610 1024 reliquias

42 1040 97 1068 an
129 1040 305 1068 suorum
336 1026 470 1068 humo
502 1028 688 1081 tegeret,
720 1041 869 1069 omnes
901 1029 950 1069 ut
980 1028 1243 1080 coniunctos,
1274 1029 1324 1068 ut
1354 1027 1612 1084 consangui-

38 1100 156 1137 neos,
190 1088 316 1127 aucta
347 1086 394 1126 in
424 1085 597 1127 hostem
628 1086 710 1140 ira,
743 1086 896 1128 maesti
928 1086 1058 1128 simul
1092 1089 1135 1129 et
1165 1085 1324 1128 infensi
1355 1085 1611 1130 condebant.

39 1145 228 1200 primum
254 1144 512 1186 exstruendo
538 1145 706 1187 tumulo
733 1145 967 1201 caespitem
988 1143 1148 1188 Caesar
1172 1145 1333 1199 posuit,
1358 1146 1610 1201 gratissimo
1639 1156 1661 1189 5

40 1217 215 1245 munere
258 1204 304 1244 in
349 1203 575 1246 defunctos
621 1205 664 1245 et
707 1204 1010 1259 praesentibus
1054 1204 1215 1247 doloris
1267 1204 1422 1247 socius.

1496 1205 1611 1260 quod

39 1262 213 1304 Tiberio
257 1262 372 1305 haud
414 1263 668 1318 probatum,
721 1277 795 1305 seu
846 1266 1002 1306 cuncta
1046 1262 1291 1306 Germanici
1333 1263 1379 1305 in
1423 1263 1612 1306 deterius

39 1321 251 1375 trahenti,
294 1322 384 1364 sive
427 1322 662 1364 exercitum
706 1322 896 1378 imagine
940 1337 1165 1366 caesorum
1208 1323 1612 1378 insepultorumque
1658 1334 1661 1336 ⁴

39 1381 260 1423 tardatum
308 1380 361 1423 ad
404 1381 569 1435 proelia
615 1383 658 1423 et
700 1381 1097 1424 formidolosiorem
1146 1382 1339 1424 hostium
1389 1382 1612 1438 credebat3

2 1487 5 1490 ,
40 1453 179 1495 neque
206 1441 514 1495 imperatorem
540 1443 755 1496 auguratu
781 1444 825 1483 et
849 1441 1156 1483 vetustissimis
1182 1441 1455 1484 caerimoniis
1487 1456 1612 1497 prae·
1640 1453 1684 1485 10

42 1498 179 1541 ditum
211 1498 451 1541 adtrectare
482 1499 633 1541 feralia
664 1499 876 1558 debuisse.

160 1556 243 1600 Sed
271 1557 550 1601 Germanicus
582 1558 802 1601 cedentem
833 1559 879 1601 in
911 1559 1008 1602 avia
1039 1559 1285 1602 Arminium
1318 1561 1503 1614 secutus,
1533 1560 1610 1602 ubi
1625 1561 1681 1603 63

40 1617 228 1672 primum
269 1617 394 1673 copia
429 1615 532 1673 fuit,
576 1618 699 1660 evehi
742 1619 911 1675 equites
956 1633 1259 1674 campumque,
1304 1633 1426 1675 quem
1470 1618 1610 1662 hostis

40 1732 176 1769 hochst
207 1732 328 1769 selten
357 1732 410 1769 ist
438 1733 503 1769 bei
527 1733 568 1770 T.
594 1734 670 1770 und
697 1733 789 1780 Sp‘a-

42 1780 149 1816 teren
173 1780 347 1816 ziemlich
371 1780 510 1826 haufig.

90 1831 123 1863 8.
149 1839 284 1864 manus
308 1828 442 1864 Hande
462 1845 507 1859 =
526 1827 670 1864 Arbeit.

89 1878 123 1910 9.
150 1867 251 1911 Uber
275 1875 349 1910 den
372 1874 522 1911 Nomin.
545 1887 575 1911 c.
594 1875 697 1912 infin.
718 1876 792 1922 (iu-

42 1921 316 1967 tezzeqebantur)
342 1934 370 1958 s.
390 1923 486 1957 Einl.
507 1926 538 1965 §-
560 1927 616 1958 82.

94 1972 148 2004 10.
182 1969 335 2005 disiecta
357 1970 412 2004 vel
437 1974 628 2015 aqyerata,
661 1969 733 2005 wie
758 1974 791 2014 6,

48 2019 92 2051 19
111 2016 269 2061 dispersi
293 2019 359 2051 aut
383 2017 558 2062 ayqerati.
593 2016 668 2052 Das
682 2017 792 2053 Verb.

45 2063 795 2156 ffgffgggjg⁰3¹¹}J5312233225225233

68 2138 76 2145 .
123 2139 130 2146 .
270 2137 278 2145 .
318 2138 326 2155 ,
788 2140 796 2147 .

96 2161 150 2193 12.
184 2157 236 2192 Zu
267 2158 430 2202 antesioea
459 2158 510 2193 ist
540 2162 646 2194 erant
671 2171 715 2194 zu
741 2169 796 2194 er-

7 2223 11 2226 ·
45 2206 201 2251 ganzen.
223 2225 265 2230 —
286 2206 470 2249 antestatus
493 2206 611 2241 findet
629 2205 710 2241 sich
728 2217 798 2241 nur

0 2256 8 2281 -“
42 2251 107 2334 ailla<
139 2251 304 2298 Partizip
342 2253 418 2288 und
455 2252 564 2288 nicht
596 2253 658 2288 bei
687 2253 796 2289 Klas-

0 2320 12 2327 γ·
48 2310 66 2334 s
109 2310 184 2335 ern.

0 2339 6 2343 ’
98 2349 154 2382 13.
179 2347 281 2392 apud
305 2347 432 2391 ,‚auf“.

0 2421 5 2429 2
99 2396 153 2429 14.
194 2394 315 2430 elabor
351 2394 422 2430 mit
458 2394 543 2430 dem
581 2394 795 2439 Aecusaiiv,

0 2436 16 2510 {2
46 2440 353 2524 τὲ
487 2442 671 2525 {issa
696 2442 798 2525 :52¹3

0 2510 10 2534 ἲ
40 2527 289 2571 'verwandten
306 2517 440 2581 egi-edi,
464 2537 576 2580 exire,
601 2548 797 2582 erumpere,

18 2624 22 2626 γ
50 2581 139 2617 aber
157 2582 250 2618 alles
270 2582 350 2618 dies
370 2585 446 2619 eret
460 2583 500 2618 in
519 2584 591 2619 den
604 2583 797 2620 Historien

17 2635 19 2637 “
39 2629 125 2667 tund
149 2628 331 2665 Annalen.

101 2679 156 2712 18.
181 2678 321 2713 scrobes
346 2677 429 2712 sind
452 2677 602 2714 Gruben
625 2690 690 2713 zur
707 2677 799 2713 Auf-

0 2689 21 2783 ἓ
51 2723 188 2759 nahme
223 2723 290 2759 der
322 2724 641 2771 Hingerichteten.
676 2746 721 2751 —
758 2728 800 2760 ut

0 2772 26 2825 'a'
53 2769 125 2805 mit
166 2771 392 2807 indirektem
434 2772 656 2818 Fragesatze
702 2773 799 2808 nach

18 2828 22 2857 ζ
53 2815 187 2853 Verbis
213 2818 399 2854 sentiendi
418 2821 457 2855 et
474 2818 702 2863 declarandi,
727 2819 799 2855 wie

53 2866 96 2908 2,
115 2868 146 2900 4.
174 2869 214 2909 3,
235 2868 267 2900 9.
305 2865 392 2902 hist.
415 2870 454 2911 1,
475 2870 519 2902 37
547 2868 734 2903 auditisne
758 2870 800 2902 ut

0 2902 29 3100 ἰ
125 2930 196 2957 Tac.
215 2929 328 2958 Annal.
346 2931 372 2958 1.

861 1734 1119 1780 postulentur?
1172 1738 1227 1771 79.
1262 1739 1300 1779 3,
1330 1739 1377 1770 24
1415 1735 1614 1771 admonens

863 1785 905 1818 ut
918 1783 1157 1827 pepulissent.
1200 1782 1247 1817 So
1267 1782 1500 1818 konstruiert
1517 1794 1616 1819 zwar

865 1830 980 1865 sehon
1005 1828 1133 1865 Cicero
1159 1829 1257 1864 nach
1281 1830 1419 1874 videre,
1446 1830 1537 1866 aber
1561 1829 1616 1865 im

864 1876 1052 1912 silbernen
1079 1875 1212 1912 Latein
1244 1877 1338 1922 geht
1367 1888 1455 1912 man
1487 1877 1619 1913 weiter

865 1923 984 1959 darin.

914 1970 978 2006 62.
1013 1974 1043 2005 1.
1077 1974 1219 2006 sextum
1243 1974 1324 2013 post
1349 1982 1464 2006 anum
1489 1971 1619 2016 „sechs

866 2018 979 2053 Jabre
1011 2017 1108 2052 nach
1139 2018 1205 2052 der
1232 2017 1494 2063 Niedcrlage“‚
1527 2019 1620 2054 §.hn-

867 2064 944 2100 lich
975 2064 1047 2099 wie
1079 2064 1153 2100 Cic.
1179 2064 1228 2100 ad
1260 2065 1339 2100 Att.
1367 2069 1406 2109 3,
1429 2069 1460 2109 7,
1482 2069 1501 2100 1
1534 2069 1621 2111 post

869 2112 963 2148 diem
987 2112 1134 2147 tertium
1158 2113 1236 2147 eius
1260 2113 1344 2148 diei.
1378 2111 1436 2159 ⁹So
1462 2112 1523 2148 bei
1548 2113 1621 2149 den

869 2158 1134 2194 Monatsdaten
1158 2159 1228 2194 mit
1253 2164 1347 2196 ante.

919 2209 951 2240 5.
977 2207 1194 2242 exstruendo
1219 2208 1370 2243 tumulo.

870 2252 979 2288 Datis
1005 2265 1032 2289 s.
1055 2253 1152 2289 Einl.
1172 2257 1203 2297 ξ.
1225 2258 1306 2299 109,
1326 2254 1360 2289 b.

920 2304 952 2337 9.
990 2301 1249 2344 formidolosus
1287 2301 1390 2337 steht
1423 2301 1464 2337 in
1497 2301 1620 2338 dieser

870 2348 985 2383 sehon
1022 2348 1084 2384 bei
1121 2349 1263 2384 Terenz
1300 2348 1620 2385 vorkommenden

869 2394 1025 2431 aktiven
1049 2395 1272 2441 Bedeutung
1302 2396 1407 2431 nicht
1435 2395 1533 2432 ofter
1558 2397 1619 2432 bei

870 2441 1034 2479 Tacitus,
1076 2442 1146 2478 Die
1167 2443 1413 2488 Verbindung
1436 2443 1508 2479 mit
1532 2444 1618 2479 dem

870 2489 1030 2525 Genetiv
1055 2490 1240 2536 (hostium)
1264 2490 1316 2526 ist
1341 2486 1405 2525 ἅπ.
1433 2489 1501 2535 εἰρ.
1521 2491 1620 2526 nach

870 2537 1054 2582 Analogie
1079 2548 1154 2573 von
1172 2538 1354 2582 pavidus,
1379 2538 1528 2580 anxius,
1552 2541 1621 2573 tre·

865 2584 993 2629 piolus,
1016 2583 1076 2619 die
1095 2584 1278 2620 ebenfalls
1298 2584 1337 2619 in
1357 2584 1429 2620 den
1447 2583 1622 2620 Annalen

871 2631 944 2666 den
969 2630 1059 2666 Gen.
1084 2630 1262 2676 regieren.

922 2682 975 2713 11.
1010 2678 1157 2721 feralia.
1193 2678 1358 2713 Priester
1393 2678 1487 2723 (also
1525 2679 1622 2715 auch

872 2723 1116 2760 Germanicus
1136 2725 1192 2760 als
1207 2725 1351 2770 Augur)
1366 2725 1622 2772 verunreinig-

871 2773 936 2807 ten
986 2771 1066 2806 sich
1116 2772 1232 2807 durch
1275 2772 1497 2817 Beriihrung
1547 2784 1623 2809 von

871 2819 1033 2854 Leichen
1043 2819 1119 2854 und
1130 2819 1337 2865 Betretung
1350 2819 1452 2855 eines
1462 2819 1620 2864 Hauses,

871 2865 912 2901 in
937 2865 1118 2902 welchem
1144 2865 1204 2902 ein
1230 2866 1346 2902 Toter
1368 2865 1444 2913 lag.

1319 2929 1339 2961 6

1419 2198 1520 2243 Uber
1545 2207 1618 2243 den
