1786 3120
184 130 269 172 106

615 129 845 166 CORNELII
869 129 1031 165 TACITI
1054 129 1318 165 ANNALIUM

111 249 156 282 20
183 253 312 293 quam
344 238 482 280 audiri
518 240 675 293 posset.
731 239 794 281 ita
832 239 923 281 sine
955 251 1190 294 congressu
1227 237 1312 280 dux
1343 237 1566 280 Romanus
1602 238 1750 282 absce-

183 298 281 339 dcre
312 298 494 340 militem
527 311 605 340 sua
636 311 845 352 quemque
875 297 924 339 in
955 299 1095 340 castra
1126 297 1256 339 iubet.

301 355 394 398 Rex
433 356 523 399 sive
559 356 754 398 fraudem
793 358 1061 412 suspectans,
1105 356 1207 411 quia
1243 356 1369 411 plura
1407 355 1535 398 simul
1570 356 1616 398 in
1651 356 1749 399 loca

182 415 338 470 ibatur,
373 416 461 458 sive
493 417 542 457 ut
572 417 835 458 commeatus
861 418 1034 458 nostros
1059 414 1240 457 Pontico
1267 415 1377 456 mari
1406 417 1450 456 et
1478 414 1748 470 Trapezunte

183 474 342 529 oppido
381 475 660 516 adventantes
698 475 987 529 interciperet,
1029 488 1210 541 propere
1256 473 1448 516 discedit.
1498 474 1576 516 sed>
1610 487 1749 529 neque

183 534 493 576 commeatibus
525 533 612 575 vim
649 533 789 575 facere
826 533 987 588 potuit,
1029 533 1130 588 quia
1166 548 1243 588 per
1275 535 1443 575 montes
1482 533 1750 575 ducebantur

137 603 157 634 5
182 593 410 648 praesidiis
442 591 603 634 nostris
635 592 839 646 insessos,
871 594 914 633 et
945 590 1142 647 Corbulo,
1172 606 1225 633 ne
1256 592 1437 634 inritum
1468 592 1631 634 bellum
1661 594 1749 634 tra-

182 652 355 693 heretur
388 649 519 704 ut'que
550 649 779 692 Armenios
813 650 868 692 ad
900 665 977 692 sua
1009 650 1274 693 defendenda
1305 653 1494 707 cogeret,
1527 647 1749 693 excindere

181 712 308 764 parat
346 709 543 761 castella,
584 709 751 764 sibique
791 709 905 764 quod
943 709 1256 751 validissimum
1292 710 1339 751 in
1376 724 1427 754 ea
1466 709 1750 764 praefectura,

183 770 472 824 cognomento
504 767 766 823 Volandum,
797 768 943 823 sumit3
983 768 1152 810 minora
1182 767 1379 811 Cornelio
1410 768 1565 811 Flacco
1603 769 1750 824 legato

183 830 226 869 et
256 827 420 869 Insteio
453 825 658 882 Capitoni
690 829 930 870 castrorum
961 827 1178 882 praefecto
1210 827 1398 870 mandat.
1445 830 1540 869 tum
1571 828 1749 870 circum·

185 886 342 941 spectis
374 886 651 928 munimentis
685 888 728 928 et
758 901 866 941 quae
899 885 1211 942 expugnationi
1240 885 1396 928 idonea
1425 887 1623 941 provisiS,
1654 886 1750 929 hor-

182 948 300 987 tatur
325 945 485 987 milites
511 947 560 986 ut
586 945 757 988 hostem
776 959 936 1001 vagum
960 959 1098 1001 neque
1124 945 1222 999 paci
1249 946 1324 986 aut
1347 945 1512 1000 proelio
1537 947 1750 1000 paratum,

183 1004 258 1046 sed
293 1004 518 1059 perfidiam
551 1006 594 1046 et
630 1004 851 1060 ignaviam
887 1005 993 1060 fuga
1032 1004 1309 1046 confitentem
1345 1006 1547 1046 exuerent
1577 1004 1749 1046 sedibus

183 1063 430 1119 gloriaeque
468 1063 632 1118 pariter
663 1066 706 1105 et
743 1063 927 1118 praedae
959 1063 1245 1106 consulerent.
1305 1065 1399 1104 tum
1435 1062 1748 1118 quadripertito

183 1123 373 1164 exercitu
403 1122 484 1164 hos
517 1123 564 1164 in
595 1123 855 1165 testudinem
887 1123 1172 1178 conglobatos
1206 1121 1450 1164 subruendo
1481 1121 1599 1164 vallo
1630 1121 1751 1164 indu-

182 1181 257 1237 cit,
297 1182 408 1223 alios
447 1182 587 1224 scalas
625 1183 851 1224 moenibus
894 1182 1139 1236 admovere,
1176 1181 1334 1223 multos
1372 1180 1599 1223 tormentis
1637 1180 1750 1223 faces

183 1242 226 1282 et
256 1241 405 1283 hastas
437 1240 632 1283 incutere
669 1241 800 1284 iubet.
849 1241 1120 1283 libritoribus
1157 1240 1536 1295 funditoribusque
1569 1239 1751 1282 attribu-

180 1302 251 1341 tus
283 1300 419 1354 locus,
458 1299 569 1342 unde
601 1300 767 1342 eminus
800 1300 979 1355 glandes
1010 1301 1282 1355 torquerent,
1319 1313 1373 1341 ne
1406 1314 1491 1354 qua
1521 1313 1622 1354 pars
1654 1298 1751 1341 sub-

182 1358 339 1400 sidium
382 1358 684 1402 laborantibus
727 1359 860 1402 ferret
902 1359 996 1414 pari
1038 1358 1226 1414 undique
1270 1360 1400 1401 metu.
1461 1361 1608 1400 tantus
1652 1357 1751 1400 inde

182 1417 310 1459 ardor
348 1418 554 1460 certantis
594 1419 807 1461 exercitus
850 1419 950 1473 fuit,
994 1420 1044 1460 ut
1087 1418 1202 1460 intra
1244 1418 1420 1460 tertiam
1459 1417 1544 1459 diei
1583 1418 1751 1472 partem

111 357 167 399 39

113 897 157 929 10

113 1193 155 1223 15

229 1567 292 1603 39.
327 1572 358 1604 1.
390 1572 613 1614 suspectare,
644 1569 715 1604 wie
749 1573 782 1614 1,
811 1573 843 1604 5.
874 1573 927 1604 13.

180 1618 213 1658 4,
234 1619 255 1650 3
279 1614 357 1649 und
376 1615 483 1659 efter,
509 1616 549 1650 in
569 1616 690 1651 dieser
709 1616 931 1661 Bedeutung

181 1663 257 1697 erst
293 1661 356 1697 bei
392 1662 559 1706 Tacitus,
599 1663 699 1698 dann
737 1664 790 1698 im
822 1663 931 1708 Spat-

179 1708 308 1745 latein.
341 1708 411 1745 Die
433 1710 707 1746 Koordination
727 1710 792 1746 des
810 1709 931 1746 Parti-

182 1757 259 1801 cips
291 1755 361 1791 mit
392 1756 514 1792 einem
550 1757 737 1792 Finalsatz
774 1757 823 1792 ist
859 1757 930 1793 wie

181 1807 214 1846 2,
242 1807 285 1838 62
318 1803 487 1839 inliciens
521 1803 721 1840 Germanos
751 1808 860 1850 utque
887 1826 929 1832 —

180 1850 418 1887 insisteretur.
464 1855 497 1896 3,
524 1855 545 1886 3
585 1852 744 1896 inferius
773 1852 850 1887 rati
881 1863 932 1887 an

180 1908 226 1932 ne
263 1918 307 1922 —
347 1898 649 1943 intelleyerentur.
698 1898 786 1934 hist.
820 1902 853 1943 3,
886 1903 930 1934 46

183 1955 325 1990 ynarus
350 1955 394 1980 ac
418 1956 472 1980 ne.

230 1995 262 2026 2.
293 1991 479 2036 Trapezus
508 1991 604 2037 liegt
634 2003 683 2028 an
715 1993 781 2028 der
815 1993 931 2028 Kr‘istc

183 2038 247 2074 des
274 2039 458 2074 &stlichen
477 2039 629 2076 Pontus.
665 2040 761 2076 Dort
779 2041 931 2075 wurden

183 2086 244 2121 die
290 2086 514 2131 Transporte
565 2087 809 2132 ausgeschifft
855 2087 932 2122 und

182 2132 320 2178 gingen
339 2146 385 2168 zu
403 2133 529 2169 Laude
550 2134 647 2169 nach
666 2135 752 2170 dem
770 2135 930 2170 benach-

183 2180 317 2215 barten
342 2181 553 2216 Armenien.

232 2231 264 2261 6.
291 2228 480 2263 excindere
505 2229 600 2263 auch
626 2228 687 2264 bei
709 2228 836 2264 Cicero
855 2229 932 2263 und

183 2272 312 2308 Livius
351 2285 391 2309 so
429 2274 645 2319 gebraucht.
702 2276 788 2321 Vgl.
827 2275 930 2321 Virg

183 2322 276 2355 Aen.
304 2325 337 2364 2,
365 2325 431 2356 177
457 2333 522 2356 nec
540 2332 647 2366 posse
665 2323 851 2367 Aryolicis
872 2334 931 2358 ex-

185 2367 287 2403 cindi
314 2368 498 2413 Peryama
522 2370 612 2405 telis.
639 2369 706 2405 Βο1
725 2369 810 2406 Tac.
837 2370 932 2405 auch

209 2443 391 2497 7.111)01·
410 2462 470 2497 die
491 2462 714 2509 Bedeutung
731 2474 805 2499 von
825 2474 932 2509 prae-

182 2509 328 2553 fectura
352 2520 379 2546 s.
406 2521 451 2545 zu
478 2514 533 2555 11,
560 2513 592 2545 8

232 2559 265 2591 8.
293 2561 563 2601 coynomentum
583 2558 677 2592 statt
695 2568 836 2601 nomen,
862 2557 932 2592 wie

186 2607 241 2647 12,
268 2606 323 2639 55.
359 2608 389 2648 1,
416 2608 460 2639 23
487 2604 563 2639 und
590 2604 696 2642 efter.

232 2654 264 2685 9.
290 2650 450 2695 Instejus
484 2651 578 2686 wird
610 2651 677 2697 Kp.
705 2655 725 2687 9
760 2652 815 2687 als
842 2651 932 2687 Cen-

183 2696 282 2732 turio
308 2697 533 2743 aufgefuhrt.

234 2748 290 2779 12.
316 2755 444 2780 exuere
468 2745 612 2781 sedibus
639 2745 690 2781 ist
713 2756 787 2781 neu
812 2744 931 2790 gehil-

184 2791 269 2826 dete
295 2791 446 2837 Phrase,
471 2792 541 2827 wie
569 2796 625 2838 12,
645 2796 691 2828 45
717 2796 933 2838 exutumque

184 2839 323 2882 campis
350 2839 619 2875 Mithridatem.

235 2887 289 2919 13.
311 2886 455 2929 pariter
486 2889 518 2921 et
550 2886 645 2922 auch
677 2886 747 2931 ΚΡ.
774 2889 819 2921 40
851 2886 932 2921 viae

997 1569 1144 1613 pariter
1163 1571 1195 1603 et
1207 1579 1368 1614 pugnae.
1396 1567 1551 1611 Quintil.
1573 1571 1629 1613 10,
1649 1571 1682 1613 ὅ,
1706 1571 1750 1603 14

1003 1616 1245 1650 inventionem
1265 1619 1298 1650 et
1322 1615 1593 1659 dispositionem
1605 1615 1752 1660 pariter

1003 1666 1176 1697 eoeercent.
1219 1661 1307 1698 Sall.
1342 1662 1421 1697 Cat.
1447 1666 1480 1705 3,
1507 1665 1528 1696 2
1559 1662 1749 1707 haudqua

1003 1720 1112 1754 quam
1125 1719 1202 1754 par
1220 1709 1341 1755 yloria
1359 1709 1522 1761 sequitwr
1539 1710 1750 1754 scriptorem

1003 1759 1036 1791 et
1061 1760 1216 1792 actorem
1240 1767 1372 1792 rerum.
1394 1776 1438 1781 —
1464 1754 1534 1790 Die
1559 1756 1749 1792 schlechte

1003 1803 1300 1848 Wiederholung
1324 1814 1398 1838 von
1422 1806 1500 1838 tum
1523 1802 1576 1838 im
1600 1802 1751 1849 Anfang

1005 1850 1071 1886 der
1101 1850 1258 1886 Periode
1288 1850 1339 1885 ist
1367 1850 1438 1885 wie
1465 1854 1521 1896 11,
1547 1853 1593 1886 20
1623 1853 1666 1886 ut
1695 1853 1750 1886 ta-

1003 1908 1084 1933 men
1110 1918 1154 1923 —
1180 1898 1346 1943 insiynia
1370 1901 1499 1933 tamen.
1539 1901 1572 1942 3,
1598 1900 1643 1933 57
1674 1897 1750 1934 nisi

1005 1948 1047 1980 ut
1077 1965 1122 1970 —
1156 1945 1232 1980 nisi
1268 1945 1373 1989 quod.
1424 1943 1671 1990 Dergleichen
1698 1943 1750 1980 ist

1004 1990 1067 2027 bei
1091 1992 1177 2028 Tac.
1204 1991 1365 2027 seltener
1389 1992 1445 2027 als
1470 1991 1531 2027 bei
1555 1992 1751 2028 manchem

1005 2039 1070 2074 der
1094 2038 1294 2074 Fruheren.

1054 2106 1108 2138 14.
1147 2103 1292 2139 inducit
1329 2103 1423 2138 statt
1460 2103 1613 2139 adducit
1652 2103 1750 2138 nach

1003 2149 1108 2196 Virg.
1134 2151 1225 2186 Aen.
1247 2154 1303 2195 11,
1325 2154 1393 2185 620
1412 2150 1588 2196 princeps
1609 2152 1750 2186 mnas

1003 2198 1149 2233 inducit
1184 2197 1322 2233 Asilas.
1360 2195 1505 2233 Livius:
1542 2196 1672 2233 milites
1707 2197 1750 2232 in

1005 2243 1748 2337 Zffssssssnaffssssss'tifflsstfflgffloew

1055 2360 1109 2392 16.
1142 2357 1303 2392 incutere
1338 2356 1399 2391 fiir
1440 2356 1615 2400 conicere,
1651 2355 1748 2391 auch

1005 2403 1091 2439 hist.
1119 2407 1153 2448 3,
1179 2407 1221 2438 31
1250 2404 1322 2439 tela
1345 2414 1526 2449 saxaque·
1551 2402 1655 2438 sonet
1678 2414 1748 2438 nur

1004 2450 1067 2485 bei
1087 2462 1129 2496 sp
1132 2451 1261 2486 'ateren
1280 2450 1471 2486 Dichtern.
1498 2469 1542 2476 -
1567 2449 1748 2485 libritores

1004 2463 1129 2541 (stattp
1131 2498 1336 2542 libratores)
1362 2497 1524 2532 schreibt
1540 2495 1624 2532 Tac.
1651 2497 1748 2532 auch

1005 2548 1038 2589 2,
1070 2548 1116 2580 20
1154 2545 1250 2580 nach
1281 2544 1444 2590 Analogi
1445 2555 1464 2579 e
1498 2554 1570 2579 von
1606 2543 1748 2580 libr-ilia

1005 2591 1378 2637 ,‚Schleudersteine“
1380 2620 1388 2628 .

1054 2654 1109 2686 18.
1140 2653 1268 2686 tantus
1304 2651 1390 2686 inde
1419 2649 1531 2685 ardor
1560 2649 1626 2685 ctt.
1676 2648 1747 2685 Die

1005 2697 1121 2733 Stelle
1155 2697 1319 2733 erinnert
1348 2708 1395 2732 an
1425 2695 1504 2732 Liv.
1530 2699 1588 2741 22,
1613 2698 1634 2731 ὅ
1666 2699 1748 2732 tan—

1004 2748 1131 2790 tusque
1160 2745 1234 2788 fuit
1264 2745 1375 2780 ardor
1405 2753 1604 2786 armorum,
1639 2743 1749 2779 eben-

1003 2791 1091 2827 falls
1116 2792 1188 2827 mit
1211 2791 1422 2836 folgendem
1448 2789 1640 2836 Conjunct.
1665 2801 1749 2837 per—

1003 2839 1109 2874 fecti:
1138 2842 1179 2874 ut
1204 2858 1248 2864 —
1274 2847 1374 2873 nemo
1392 2838 1644 2883 puynantium
1667 2847 1748 2873 een-

1003 2887 1099 2921 serit.
