1806 3120
65 1026 175 1068 ‘14

175 91 260 134 156
605 89 831 127 CORNELII
854 89 1013 125 TAOITI
1037 86 1297 124 ANNALIUM

119 198 173 241 13

292 198 406 241 Exin
449 199 626 242 biduum
670 198 915 241 criminibus
957 196 1190 241 obiciendis
1234 195 1438 237 statuitur
1479 197 1609 251 utque
1652 211 1726 239 sex

176 259 340 301 dierum
373 259 511 313 spatio
549 258 774 300 interiecto
807 271 904 299 reus
942 271 1018 312 per
1047 255 1236 298 triduum
1268 253 1572 297 defenderetur.
1632 257 1726 297 tum

175 317 394 360 Fulcinius
418 320 565 360 vetera
590 319 633 359 et
661 316 808 359 inania
834 316 1009 370 orditur,
1041 314 1266 357 ambitiose
1293 327 1501 368 avareque
1531 313 1727 356 habitam

175 376 451 432 Hispaniam3
484 375 597 431 quod
626 390 763 430 neque
794 375 1038 417 convictum
1068 387 1203 415 noxae
1233 386 1319 427 reo,
1351 371 1387 413 si
1418 373 1605 414 recentia
1629 387 1727 427 pur-

131 449 152 481 5
179 438 314 491 garet,
343 450 478 491 neque
510 434 732 477 defensum
763 433 1026 476 absolutioni
1057 434 1160 485 erat,
1193 431 1229 473 si
1253 433 1470 472 teneretur
1494 431 1728 474 maioribus

177 494 367 550 flagitiis.
439 496 540 548 post
583 508 690 548 quae
729 491 935 535 Servaeus
976 493 1018 533 et
1054 489 1265 532 Veranius
1305 492 1346 532 et
1381 488 1585 532 Vitellius
1629 505 1726 533 con-

180 553 312 596 simili
344 553 497 604 studio,
529 554 572 594 et
601 552 738 594 multa
769 551 1012 605 eloquentia
1037 549 1253 602 Vitellius,
1285 548 1476 591 obiecere
1503 549 1600 591 odio
1627 548 1729 592 Ger-

179 612 335 655 manici
367 614 410 654 et
440 625 583 653 rerum
613 624 821 653 novarum
853 609 994 651 studio
1025 608 1227 650 Pisonem
1258 608 1412 663 vulgus
1437 607 1625 650 militum
1654 622 1730 663 per

179 671 399 713 licentiam
431 674 473 712 et
500 670 713 712 sociorum
744 668 922 710 iniurias
955 682 1004 710 eo
1035 681 1168 721 usque
1200 667 1465 721 conrupisse,
1495 669 1545 709 ut
1574 681 1730 722 parens

114 743 158 775 10
183 730 402 786 legionum
435 744 460 771 a
491 727 733 770 deterrimis
765 727 1069 782 appellaretur3
1101 728 1250 768 contra
1279 725 1323 767 in
1349 725 1558 780 optimum
1590 740 1731 781 quem·

184 803 285 844 que,
328 788 513 830 maxime
557 788 602 829 in
639 786 818 829 comites
860 789 902 828 et
942 784 1101 828 amicos
1133 783 1378 826 Germanici
1417 785 1621 839 saevisse,
1657 799 1732 840 po-

185 851 343 890 stremo
375 847 518 901 ipsum
550 845 849 888 devotionibus
876 847 919 886 et
942 858 1104 887 veneno
1130 842 1372 898 peremisse.
1421 858 1542 885 sacra
1564 844 1665 886 hinc
1689 845 1734 886 et

183 905 500 949 immolationes
531 904 738 947 nefandas
775 903 910 958 ipsius
943 905 1070 958 atque
1101 901 1350 956 Plancinae,
1384 903 1565 956 petitam
1603 902 1733 945 armis

189 980 281 1008 rem
312 964 542 1019 publicam,
572 967 704 1019 utque
734 977 832 1005 reus
865 962 935 1018 agi
963 963 1122 1017 posset,
1153 961 1242 1003 acie
1273 961 1444 1003 victum.

306 1023 509 1066 Defensio
554 1023 599 1064 in
643 1022 794 1065 ceteris
837 1021 1083 1077 trepidavit3
1131 1035 1231 1062 nam
1274 1033 1412 1074 neque
1456 1019 1735 1062 ambitionem

183 1083 412 1126 militarem
462 1096 598 1138 neque
648 1081 915 1136 provinciam
962 1080 1149 1135 pessimo
1199 1079 1347 1133 cuique
1390 1078 1637 1134 obnoxiam,
1678 1092 1733 1121 ne

183 1142 466 1186 contumelias
510 1140 681 1196 quidem
728 1139 953 1182 adversum
988 1139 1292 1193 imperatorem
1331 1137 1508 1179 infitiari
1551 1139 1732 1192 poterat.

184 1202 322 1244 solum
354 1200 505 1242 veneni
548 1201 707 1241 crimen
737 1199 854 1241 visus
899 1200 964 1240 est
1000 1198 1191 1250 diluisse,
1229 1196 1341 1251 quod
1377 1210 1430 1237 ne
1467 1198 1736 1239 accusatores

137 1272 158 1304 5
183 1260 356 1316 quidem
400 1259 504 1301 satis
548 1258 800 1312 firmabant,
843 1258 889 1299 in
933 1256 1126 1299 convivio
1170 1255 1430 1310 Germanici,
1473 1270 1569 1298 cum
1610 1269 1739 1310 super

185 1333 282 1361 eum
313 1318 414 1360 Piso
447 1318 749 1371 discumberet,
780 1316 964 1358 infectos
996 1316 1193 1357 manibus
1226 1315 1315 1357 eius
1347 1314 1466 1357 cibos
1499 1317 1739 1370 arguentes.

185 1379 343 1434 quippe
388 1377 618 1419 absurdum
661 1376 886 1418 videbatur
928 1375 1038 1416 inter
1081 1375 1220 1416 aliena
1262 1373 1434 1415 servitia
1476 1375 1519 1415 et
1559 1375 1626 1415 tot
1667 1373 1738 1415 ad-

186 1438 395 1479 stantium
427 1436 534 1491 visu,
565 1436 659 1490 ipso
692 1434 945 1477 Germanico
978 1447 1141 1487 coram,
1172 1433 1216 1475 id
1248 1447 1417 1488 ausum3
1450 1432 1739 1488 offerebatque

185 1495 396 1538 familiam
426 1509 523 1537 reus
556 1497 599 1537 et
629 1493 850 1535 ministros
876 1494 922 1534 in
951 1495 1166 1534 tormenta
1196 1491 1433 1547 flagitabat.
1482 1491 1556 1533 sed
1580 1491 1740 1533 iudices

118 1567 159 1599 1ο
184 1569 260 1610 per
302 1554 472 1596 diversa
514 1553 794 1608 inplacabiles
827 1553 968 1605 erant,
1009 1549 1167 1594 Caesar
1204 1551 1259 1592 ob
1299 1550 1461 1592 bellum
1492 1549 1741 1604 provinciae

186 1614 382 1666 inlatum,
414 1614 588 1654 senatus
620 1626 851 1666 numquam
885 1610 990 1653 satis
1023 1609 1184 1651 credito
1217 1608 1308 1650 sine
1339 1609 1487 1651 fraude
1519 1607 1741 1650 Germani-

1047 1771 1110 1808 14.
1160 1775 1191 1807 5.
1236 1772 1381 1815 firmare
1405 1772 1498 1806 statt
1528 1771 1743 1815 confirmare

1001 1820 1089 1855 oder
1114 1819 1301 1863 affirmare
1335 1818 1452 1854 findet
1481 1818 1560 1854 sich
1591 1820 1667 1853 erst
1701 1818 1741 1853 in

1001 1866 1072 1901 den
1097 1865 1286 1901 Historien
1309 1865 1386 1901 und
1411 1864 1597 1908 Annalem
1623 1865 1742 1901 selten

999 1914 1038 1949 in
1081 1912 1306 1949 klassischer
1337 1912 1468 1957 Prosa,
1511 1912 1638 1958 h’aufig
1678 1911 1741 1948 bei

999 1961 1175 1996 Dichtern
1199 1961 1275 1995 und
1300 1959 1490 2006 Spateren.

234 1775 297 1812 13.
319 1779 348 1811 1.
363 1779 483 1821 utque,
495 1774 750 1810 unklassische
772 1772 927 1808 Koordi-

186 1822 317 1858 nation
342 1823 443 1858 einer
467 1821 720 1867 Konjunktion
750 1821 820 1855 mit
832 1820 929 1867 „dem

186 1869 324 1906 finalen
342 1869 465 1912 Dativ‚
484 1870 548 1904 der
563 1868 794 1913 voraufgeht.
826 1865 928 1901 Ahn—

188 1917 263 1952 lich
305 1916 402 1952 nach
444 1915 782 1961 voraufgehendem
824 1914 927 1949 Infin.

190 1964 372 2010 gerundii‚
398 1975 425 1999 s.
451 1963 548 1999 Einl.
574 1967 605 2006 ξ.
633 1966 711 2006 119,
739 1965 792 1997 11.

236 2015 269 2047 4.
318 2011 561 2056 Hispaniam,
596 2009 760 2045 namlich
795 2008 929 2044 Tarra-

189 2069 381 2095 conensem.
417 2078 461 2084 --
505 2058 573 2093 Die
609 2056 812 2102 Participia
848 2066 930 2091 con-

187 2106 310 2150 fictum
351 2105 427 2140 und
469 2105 654 2149 defensum
702 2104 830 2139 stehen
873 2102 932 2137 fiir

191 2152 298 2188 einen
324 2152 650 2197 Bedingnngssatz,
670 2151 747 2186 und
773 2160 869 2185 zwar
892 2149 932 2184 in

156 2198 168 2208 ²
191 2199 313 2235 dieser
322 2199 443 2244 Form,
458 2199 543 2234 weil
555 2198 668 2234 ihnen
675 2197 931 2242 Bedingungs-

194 2247 294 2281 satze
336 2246 406 2281 mit
441 2247 474 2281 si
510 2245 801 2290 untergeordnet
837 2243 931 2278 sind.

193 2292 326 2328 Solche
373 2292 516 2338 passive
559 2291 760 2337 Participia
807 2291 933 2326 finden

191 2340 270 2376 sich
287 2341 466 2375 zerstreut
485 2338 545 2374 bei
565 2337 701 2382 Cicero,
725 2338 837 2373 casar
855 2337 931 2384 und

189 2386 334 2430 Livius3
366 2385 427 2422 bei
461 2386 612 2421 Tacitus
644 2385 778 2421 selten:
805 2396 859 2430 cp.
885 2387 930 2419 45

190 2435 305 2471 victis.
344 2437 388 2469 52
411 2437 595 2470 retentum.
635 2434 671 2467 h.
699 2436 737 2476 3,
758 2436 802 2467 66
827 2432 933 2467 victis

193 2502 237 2507 —
264 2482 403 2517 deditis.
452 2482 539 2526 Agr.
568 2484 610 2515 16
635 2481 678 2515 in
702 2480 850 2515 deditos.

240 2532 272 2566 6.
316 2531 401 2573 post
436 2539 528 2573 quae
560 2527 679 2572 (nicht
716 2527 831 2572 quem)
863 2524 933 2560 wie

191 2578 490 2658 ῧῖθέἓεὶεαέἷὶὲ
506 2579 544 2657 Ξῖ
568 2578 621 2656 ἒξ
637 2573 933 2664 {nge-offrir&

200 2669 368 2705 Vitellius
404 2671 488 2715 sagt
525 2669 590 2704 der
626 2668 742 2703 'altere
779 2665 932 2711 Plinius,

195 2727 234 2752 er
257 2716 354 2752 habe
380 2715 435 2751 als
454 2716 595 2751 Beweis
621 2716 684 2750 des
705 2714 931 2750 Giftmordes

194 2762 410 2807 angeffihrt‚
451 2762 530 2798 dass
566 2763 630 2798 das
661 2761 755 2797 Herz
791 2761 831 2796 in
868 2761 934 2795 der

194 2810 331 2845 Leiche
367 2810 431 2845 des
461 2809 700 2845 Germanicus
730 2807 834 2843 nicht
864 2807 934 2842 mit

194 2857 395 2892 verbrannt
419 2856 472 2892 sei
497 2858 568 2902 (11,
594 2860 623 2900 ἓ.
652 2856 744 2900 187).

1049 2011 1081 2043 6.
1131 2008 1373 2043 discumberet.
1423 2007 1496 2042 Das
1516 2005 1673 2052 Subjekt
1696 2018 1742 2042 zu

1003 2055 1143 2090 diesem
1155 2054 1266 2099 Verb,
1285 2054 1347 2090 bei
1360 2054 1431 2090 den
1442 2053 1658 2089 Klassikern
1673 2065 1745 2088 nur

1002 2101 1140 2146 Plural‚
1162 2102 1212 2137 ist
1237 2100 1308 2137 seit
1321 2101 1466 2137 Curtius
1484 2101 1663 2136 zuweilen
1681 2100 1742 2136 ein

1004 2149 1187 2195 Singular.
1245 2149 1326 2194 Vgl.
1353 2152 1393 2191 4,
1418 2151 1463 2183 54
1493 2158 1573 2184 cum.
1591 2151 1743 2193 propter

1003 2196 1247 2232 discumberet.
1299 2199 1331 2240 6,
1357 2199 1413 2231 50.

1052 2246 1083 2279 8.
1132 2244 1213 2279 visu
1244 2253 1338 2287 „vor
1370 2243 1442 2277 den
1472 2242 1646 2287 Augen“‚
1670 2240 1740 2276 wie

1004 2290 1155 2326 Tacitus
1181 2289 1276 2326 &fter
1301 2289 1372 2324 den
1395 2288 1568 2324 modalen
1591 2287 1743 2324 Ablativ

1002 2338 1097 2373 ohne
1135 2335 1367 2382 Praposition
1402 2335 1624 2381 gebraucht,
1661 2333 1746 2370 hier

1003 2385 1075 2419 den
1092 2383 1354 2429 begleitenden
1372 2382 1556 2418 Umstand
1573 2381 1742 2418 bezeich-

1002 2431 1112 2468 nend.
1162 2431 1196 2466 S.
1222 2430 1318 2466 Einl.
1345 2435 1375 2473 §.
1402 2433 1458 2466 37.

1052 2483 1083 2514 9.
1127 2478 1328 2520 ministros,
1359 2476 1494 2512 Diener
1518 2476 1583 2512 des
1607 2474 1745 2521 Germ,

1006 2525 1065 2561 die
1077 2525 1138 2560 bei
1147 2525 1272 2571 jenem
1280 2524 1477 2559 Gastmahl
1489 2523 1743 2570 aufgewartet.

1101 2575 1155 2607 11.
1181 2572 1325 2607 credito.
1351 2571 1480 2606 Dieser
1492 2570 1742 2606 absoluteAb-

1002 2618 1094 2655 lativ
1113 2619 1164 2653 ist
1182 2614 1247 2653 ἆπ.
1269 2616 1335 2663 εἰρ.
1361 2618 1415 2653 1111
1433 2617 1565 2653 Latein
1582 2617 1659 2653 und
1676 2617 1748 2653 hat-

1001 2665 1154 2701 kausale
1178 2664 1408 2711 Bedeutung.
1441 2685 1484 2691 —-
1516 2664 1585 2700 Die
1615 2663 1719 2700 Lfick

1002 2712 1125 2749 hinter
1154 2713 1318 2748 interisse
1349 2713 1502 2758 erganzt
1530 2711 1653 2747 Ritter
1677 2721 1718 2746 so
1736 2725 1748 2746 .-

1005 2763 1296 2804 accusatoresqwe
1307 2760 1494 2795 intendere
1510 2759 1746 2804 suspiciones,

999 2807 1161 2853 proferri
1185 2817 1275 2852 quae
1301 2806 1389 2842 Piso
1419 2809 1452 2842 et
1475 2806 1662 2842 Plancina
1690 2805 1743 2841 ad

1001 2855 1204 2900 principem
1228 2853 1443 2899 Liviamque
1466 2856 1524 2889 ctt.
