1806 3120
561 100 708 137 LIBER
730 100 795 137 ΙΙΙ.
838 98 940 136 ΟΑΡ.
961 103 1112 136 34-35,

0 241 9 263 r
64 211 223 267 eunda,
260 210 335 253 sed
370 209 684 252 revertentibus
722 209 824 263 post
858 207 1055 249 laborem
1094 207 1208 262 quod
1244 207 1468 250 honestius
1501 222 1630 264 quam
1656 221 1700 253 10

1545 101 1628 142 171

66 271 267 314 uxorium
301 267 622 311 leiamentum?
673 270 719 309 at
755 266 964 323 quasdam
994 266 1040 308 in
1073 266 1354 309 ambitionem
1386 269 1461 308 aut
1491 266 1628 309 avari—

64 330 174 371 tiam
204 328 442 384 prolapsas.
492 325 622 383 quid?
653 326 848 381 ipsorum
873 325 1208 380 magistratuum
1232 339 1376 368 nonne
1400 325 1630 381 plerosque

63 387 196 431 variis
227 386 479 429 libidinibus
511 385 752 429 obnoxios?
783 398 873 427 non
901 386 1050 426 tamen
1081 384 1176 426 ideo
1208 384 1425 426 neminem
1455 384 1502 426 in
1532 399 1629 439 pro-

63 446 250 489 vinciam
281 446 409 488 mitti.
471 447 696 500 corruptos
729 458 858 498 saepe
889 443 1178 498 pravitatibus
1208 457 1391 485 uxorum
1430 443 1629 486 maritos:

59 520 166 548 num
198 518 300 561 ergo
334 504 472 547 omnis
505 504 690 547 caelibes
721 502 946 558 integros?
979 502 1194 557 placuisse
1221 502 1438 557 quondam
1464 500 1628 558 Oppias
1657 514 1700 547 15

63 564 202 620 legeS‚
245 563 307 606 sic
349 563 616 618 temporibus
660 562 724 604 rei
765 561 965 616 publicae
1007 561 1350 616 postulantibus3
1400 561 1630 603 remissum

65 623 227 678 aliquid
259 625 411 677 postea
442 624 485 664 et
515 621 780 677 mitigatum,
814 621 916 676 quia
946 620 1195 675 expedierit.
1244 619 1409 662 frustra
1431 622 1628 662 nostram

61 682 284 737 ignaviam
315 681 399 723 alia
430 681 484 723 ad
514 681 728 724 vocabula
758 679 1002 734 transferri,
1039 693 1141 721 nam
1172 679 1254 722 viri
1285 679 1331 720 in
1361 693 1411 721 eo
1443 679 1630 734 culpam,

62 741 101 783 si
131 740 296 782 femina
326 740 500 783 modum
533 740 721 783 excedat.
782 753 912 794 porro
945 738 1000 781 ob
1032 739 1160 780 unius
1193 740 1268 780 aut
1299 738 1477 781 alterius
1509 738 1630 780 inbe-

62 799 211 842 cillum
242 799 434 842 animum
465 800 579 842 male
605 798 713 854 eripi
739 797 906 840 maritis
933 797 1152 840 consortia
1175 811 1319 839 rerum
1345 797 1630 840 secundarum
1655 809 1701 842 20

62 858 437 914 adversarumque.
476 858 603 901 simul
623 872 772 901 sexum
790 860 947 899 natura
972 856 1213 898 invalidum
1238 856 1378 898 deseri
1403 859 1446 898 et
1472 856 1630 912 exponi

62 932 142 959 suo
180 917 304 972 luxu,
342 917 612 972 cupidinibus
651 916 816 959 alienis.
875 916 945 958 vix
978 915 1195 970 praesenti
1226 915 1423 957 custodia
1454 929 1629 957 manere

59 976 230 1018 inlaesa
271 976 492 1033 coniugia:
534 976 636 1032 quid
674 975 786 1030 fore,
827 975 864 1016 si
906 989 984 1029 per
1020 975 1166 1030 plures
1204 989 1341 1016 annos
1377 975 1422 1016 in
1453 974 1629 1016 modum

59 1034 235 1077 discidii
261 1035 594 1078 oblitterentur?
633 1035 694 1077 sic
721 1035 894 1077 obviam
919 1034 1033 1076 irent
1058 1033 1112 1075 iis
1139 1048 1248 1088 quae
1275 1033 1380 1076 alibi
1405 1048 1629 1088 peccaren-

62 1096 154 1147 tur,
194 1096 243 1136 ut
278 1094 542 1150 flagitiorum
573 1094 693 1136 urbis
725 1092 1033 1135 meminissent.
1096 1092 1262 1134 addidit
1291 1106 1430 1148 pauca
1461 1091 1628 1134 Drusus
1655 1104 1699 1137 25

64 1152 116 1195 de
148 1152 425 1195 matrimonio
459 1167 553 1208 suo,
590 1168 691 1195 nam
729 1152 995 1207 principibus
1028 1150 1222 1193 adeunda
1253 1151 1426 1206 saepius
1458 1151 1630 1206 longin-

62 1226 149 1267 qua
184 1212 365 1266 imperii.

427 1213 624 1267 quotiens
662 1212 807 1254 divum
839 1211 1085 1266 Augustum
1117 1211 1164 1252 in
1197 1210 1459 1253 occidentem
1500 1214 1628 1265 atque

65 1271 278 1312 orientem
309 1271 532 1372 meavisgfl'
553 1271 709 1313 comite
740 1270 879 1312 Livia!
925 1284 970 1312 se
1002 1284 1172 1324 quoque
1203 1269 1249 1311 in
1274 1269 1498 1324 Illyricum
1530 1283 1628 1324 pro-

60 1329 222 1371 fectum
247 1332 301 1383 et,
327 1330 364 1371 si
389 1331 469 1387 ita¹

501 1331 699 1384 onducat,
725 1330 833 1375 alias
859 1328 913 1370 ad
939 1332 1087 1384 gentes
1114 1329 1290 1383 iturum,
1314 1328 1430 1370 haud
1457 1342 1627 1384 semper

65 1402 204 1443 aequo
237 1389 393 1444 animo,
426 1389 462 1431 si
496 1389 550 1431 ab
582 1403 713 1431 uxore
745 1387 970 1431 carissima
995 1390 1039 1429 et
1063 1389 1131 1430 tot
1156 1387 1448 1429 communium
1473 1387 1629 1429 libero·
1654 1398 1701 1431 30

62 1461 161 1489 rum
192 1450 371 1502 parente
403 1448 689 1490 divelleretur.
750 1448 811 1489 sic
843 1445 1052 1489 Caecinae
1084 1447 1301 1488 sententia
1332 1446 1453 1489 elusa
1485 1448 1563 1488 est.

182 1505 383 1549 Proximo
405 1509 581 1550 senatus
602 1507 670 1549 die
690 1506 889 1549 Tiberius
909 1520 985 1561 per
1003 1500 1184 1560 litteras,
1210 1505 1435 1561 castigatis
1456 1505 1628 1561 oblique
1643 1506 1700 1549 35

64 1564 264 1620 patribus
292 1566 406 1621 quod
438 1569 594 1609 cuncta
626 1581 826 1608 curarum
858 1565 910 1607 ad
942 1565 1180 1620 principem
1207 1564 1430 1620 reicerent,
1460 1564 1531 1606 Μ’.
1549 1564 1627 1606 Le-

60 1624 211 1678 pidum
251 1626 295 1666 et
334 1624 507 1667 Iunium
547 1625 752 1667 Blaesum
792 1624 1050 1676 nominavit,
1091 1639 1142 1666 ex
1187 1623 1283 1678 quis
1328 1638 1407 1679 pro
1451 1623 1629 1666 consule

0 1702 3 1705 ·
62 1682 237 1725 Africae
264 1684 491 1739 legeretur.
535 1686 630 1726 tum
660 1684 807 1726 audita
837 1683 1062 1725 amborum
1090 1683 1235 1736 verba,
1266 1683 1475 1725 intentius
1504 1697 1630 1724 excu-

64 1744 188 1784 sante
223 1757 268 1784 se
301 1743 482 1798 Lepido,
515 1758 613 1785 cum
644 1742 935 1785 valetudinem
967 1742 1178 1796 corporis,
1212 1744 1399 1784 aetatem
1430 1742 1630 1796 liberum,
1655 1753 1677 1785 5

60 1801 253 1843 nubilem
278 1802 411 1844 filiam
438 1802 700 1854 obtenderet,
726 1802 1132 1856 intellegereturque
1160 1801 1292 1843 etiam
1319 1801 1433 1856 quod
1459 1800 1630 1855 silebat,

65 1861 323 1903 avunculum
349 1875 442 1903 esse
468 1859 614 1904 Seiani
640 1861 845 1903 Blaesum
871 1863 999 1915 atque
1025 1874 1075 1902 eo
1101 1860 1409 1915 praevalidum.
1453 1873 1629 1914 respon-

68 1918 132 1960 dit
163 1918 344 1961 Blaesus
377 1920 518 1974 specie
549 1919 808 1972 recusantia,
839 1918 913 1961 sed
944 1932 1083 1973 neque
1116 1919 1264 1960 eadem
1298 1919 1631 1972 adseveratione,

69 1979 116 2018 et
146 1990 358 2019 consensu
390 1978 659 2020 adulantium
689 1978 806 2020 haud
836 1977 952 2019 iutus
984 1979 1061 2019 est.

118 2119 172 2151 11.
198 2119 238 2152 at
262 2116 497 2160 bezeichnet,
524 2117 594 2152 wie
621 2116 681 2153 bei
706 2117 810 2153 Klas-

64 2163 204 2208 sikern,
224 2164 297 2199 den
310 2164 509 2209 fingierten
523 2163 701 2208 Einwurf,
716 2164 812 2200 auch

0 2232 2 2237 ,
68 2215 125 2254 11,
144 2214 202 2247 24.
231 2215 286 2254 14,
306 2215 364 2246 44.
391 2211 509 2246 Daffir
527 2213 682 2247 atenim
700 2215 734 2255 4,
753 2215 810 2246 40.

66 2261 124 2302 12,
145 2262 178 2294 6.
223 2258 291 2294 Die
311 2258 582 2304 Widerlegung
609 2259 648 2294 in
673 2259 811 2304 Frage-

63 2305 162 2341 form
188 2305 257 2340 hat
282 2304 410 2341 Cicero
435 2306 501 2341 oft.

114 2355 170 2387 20.
191 2354 374 2388 consortia
385 2352 434 2388 ist
447 2352 504 2388 als
519 2352 647 2388 Plural
660 2350 726 2388 ἅπ.
743 2351 810 2397 εἰρ.

115 2402 171 2435 25.
206 2398 282 2435 Das
316 2399 626 2445 restringierende
657 2403 716 2443 ut,
754 2399 812 2435 bei

65 2445 198 2482 Cicero
216 2446 355 2492 hafflig,
377 2446 440 2482 bei
461 2447 598 2483 Sueten
618 2451 660 2482 ut
679 2451 810 2491 tamen,

67 2493 135 2528 hat
159 2492 312 2529 Tacitus
337 2506 408 2529 nur
432 2494 525 2530 hier.

115 2543 170 2575 28.
215 2539 322 2576 Nach
359 2540 513 2585 Illyrien
556 2551 633 2575 war
671 2540 812 2582 Drusus

63 2586 146 2622 drei
176 2586 254 2623 Mal
288 2588 464 2633 gesandt,
497 2588 536 2623 in
568 2588 641 2623 den
671 2588 812 2623 Jahren

66 2637 125 2677 14,
152 2637 196 2670 17
220 2635 296 2669 und
322 2638 378 2671 20.
758 2660 764 2664 -
785 2643 793 2650 “

117 2685 173 2717 30.
198 2684 260 2717 tot.
287 2680 337 2716 Er
360 2683 466 2717 hatte
479 2694 548 2717 nur
562 2680 810 2717 dreiKinder:

65 2727 257 2772 Tiberius,
300 2727 543 2764 Germanicus
580 2729 657 2764 und
692 2728 818 2772 Juh'a,

67 2773 155 2810 aber
183 2775 223 2810 in
254 2776 484 2812 vornehmen
515 2776 698 2811 Fam-nien
732 2786 813 2810 war

64 2819 148 2856 dies
185 2821 319 2866 selten,
366 2823 414 2858 da
456 2822 517 2859 die
554 2822 813 2868 Ehelosigkeit

66 2868 336 2905 vorherrschte.

932 2115 995 2152 35.
1024 2120 1055 2152 1.
1075 2127 1143 2161 per
1157 2116 1306 2152 litteras.
1334 2115 1419 2160 Vgl.
1434 2127 1490 2162 cp.
1505 2120 1551 2152 32
1567 2127 1629 2151 am

883 2163 1000 2199 Ende.
1033 2184 1078 2189 —-
1112 2164 1253 2208 oblique
1283 2163 1322 2198 in
1349 2163 1488 2199 diesem
1515 2163 1628 2199 Sinne

883 2210 990 2246 nicht
1013 2222 1080 2246 vor
1107 2210 1270 2246 Tacitus.

931 2262 963 2293 2.
1003 2261 1134 2293 cuncta
1167 2268 1358 2301 cwrarum,
1392 2258 1463 2293 wie
1501 2262 1556 2302 14,
1583 2262 1628 2294 60

883 2308 1016 2340 cuncta
1046 2306 1228 2341 scelerum.
1263 2305 1350 2340 hist.
1372 2308 1404 2349 5,
1427 2309 1471 2340 10
1496 2309 1630 2342 cuncta

883 2362 1103 2396 camporum.
1130 2351 1439 2395 Nachklassisch3
1459 2352 1534 2397 vgl.
1546 2352 1628 2389 Liv.

884 2402 940 2443 31,
967 2402 1013 2434 45
1038 2399 1281 2435 Macedonum
1304 2400 1379 2443 fere
1403 2400 1580 2436 omnibus.

932 2450 964 2482 3.
1010 2447 1166 2482 Blaesus
1210 2458 1287 2481 war
1323 2446 1451 2482 frfiher
1489 2445 1628 2483 Consul

884 2493 1082 2541 suffectus,
1120 2493 1330 2529 Prokonsul
1367 2505 1440 2528 von
1476 2493 1629 2529 Sicilien

883 2540 960 2575 und
991 2541 1042 2575 im
1066 2541 1099 2576 J.
1128 2545 1172 2576 14
1195 2540 1316 2586 Legat
1346 2541 1386 2575 in
1410 2539 1629 2576 Pannonien

884 2597 1066 2633 gewesen.

933 2638 964 2669 7.
991 2634 1160 2678 Seianus,
1179 2633 1449 2669 Befehlshaber
1463 2634 1527 2670 der
1539 2634 1627 2670 Pra-

882 2681 1058 2733 torianer,
1083 2681 1188 2716 hatte
1214 2681 1331 2716 sehon
1356 2681 1428 2734 seit
1452 2682 1537 2717 dem
1557 2682 1626 2718 Re-

882 2727 1628 2857 ξὲᾞέἕῗῗὲἱέῗηέἓῗ,ᾗὲἷὲῗέἑέἔέῗὲἓ

914 2849 923 2866 ,
974 2850 981 2857 .

932 2872 965 2905 9.
1003 2870 1121 2913 iutus,
1158 2881 1228 2904 nur
1263 2869 1360 2905 noch
1400 2873 1461 2914 14,
1493 2874 1517 2905 4
1552 2870 1629 2906 und
