<?xml version="1.0" encoding="UTF-8"?>
<!DOCTYPE html PUBLIC "-//W3C//DTD XHTML 1.0 Transitional//EN"
    "http://www.w3.org/TR/xhtml1/DTD/xhtml1-transitional.dtd">
<html xmlns="http://www.w3.org/1999/xhtml" xml:lang="en" lang="en">
 <head>
  <title>
</title>
<meta http-equiv="Content-Type" content="text/html;charset=utf-8" />
  <meta name='ocr-system' content='tesseract 3.04.00' />
  <meta name='ocr-capabilities' content='ocr_page ocr_carea ocr_par ocr_line ocrx_word'/>
</head>
<body>
  <div class='ocr_page' id='page_1' title='image "./dieannalen01taciuoft_0495.png"; bbox 0 0 1794 3126; ppageno 0'>
   <div class='ocr_carea' id='block_1_1' title="bbox 598 102 1150 140">
    <p class='ocr_par' dir='ltr' id='par_1_1' title="bbox 598 102 1150 140">
     <span class='ocr_line' id='line_1_1' title="bbox 598 102 1150 140; baseline -0.004 0"><span class='ocrx_word' id='word_1_1' title='bbox 598 103 744 140; x_wconf 85' lang='lat' dir='ltr'><strong>LIBER</strong></span> <span class='ocrx_word' id='word_1_2' title='bbox 762 103 842 140; x_wconf 89' lang='lat' dir='ltr'>XV.</span> <span class='ocrx_word' id='word_1_3' title='bbox 874 102 977 140; x_wconf 88' lang='lat' dir='ltr'>CAP.</span> <span class='ocrx_word' id='word_1_4' title='bbox 997 105 1150 139; x_wconf 82' lang='lat'>21—24.</span> 
     </span>
    </p>
   </div>
   <div class='ocr_carea' id='block_1_2' title="bbox 1582 101 1670 144">
    <p class='ocr_par' dir='ltr' id='par_1_2' title="bbox 1582 101 1670 144">
     <span class='ocr_line' id='line_1_2' title="bbox 1582 101 1670 144; baseline 0.011 -1"><span class='ocrx_word' id='word_1_5' title='bbox 1582 101 1670 144; x_wconf 87' lang='lat'>185</span> 
     </span>
    </p>
   </div>
   <div class='ocr_carea' id='block_1_3' title="bbox 98 209 1743 446">
    <p class='ocr_par' dir='ltr' id='par_1_3' title="bbox 99 209 1743 445">
     <span class='ocr_line' id='line_1_3' title="bbox 99 209 1669 268; baseline -0.003 -12"><span class='ocrx_word' id='word_1_6' title='bbox 99 213 303 256; x_wconf 73' lang='lat' dir='ltr'><strong>Actiacae</strong></span> <span class='ocrx_word' id='word_1_7' title='bbox 333 213 555 268; x_wconf 82' lang='lat' dir='ltr'>religionis</span> <span class='ocrx_word' id='word_1_8' title='bbox 585 213 814 266; x_wconf 90' lang='lat' dir='ltr'>decretum,</span> <span class='ocrx_word' id='word_1_9' title='bbox 844 213 979 266; x_wconf 89' lang='lat' dir='ltr'>utque</span> <span class='ocrx_word' id='word_1_10' title='bbox 1003 210 1294 253; x_wconf 86' lang='lat' dir='ltr'>Fortunarum</span> <span class='ocrx_word' id='word_1_11' title='bbox 1321 209 1487 266; x_wconf 86' lang='lat' dir='ltr'>effigies</span> <span class='ocrx_word' id='word_1_12' title='bbox 1514 224 1669 253; x_wconf 86' lang='lat' dir='ltr'>aureae</span> 
     </span>
     <span class='ocr_line' id='line_1_4' title="bbox 99 269 1668 327; baseline -0.003 -12"><span class='ocrx_word' id='word_1_13' title='bbox 99 274 145 315; x_wconf 92' lang='lat' dir='ltr'>in</span> <span class='ocrx_word' id='word_1_14' title='bbox 177 272 287 315; x_wconf 89' lang='lat' dir='ltr'>solio</span> <span class='ocrx_word' id='word_1_15' title='bbox 313 270 550 327; x_wconf 76' lang='lat' dir='ltr'>Capitolini</span> <span class='ocrx_word' id='word_1_16' title='bbox 575 271 691 314; x_wconf 85' lang='lat' dir='ltr'>Iovis</span> <span class='ocrx_word' id='word_1_17' title='bbox 722 271 978 323; x_wconf 76' lang='lat' dir='ltr'>locarentur,</span> <span class='ocrx_word' id='word_1_18' title='bbox 1008 269 1220 311; x_wconf 89' lang='lat' dir='ltr'>ludicrum</span> <span class='ocrx_word' id='word_1_19' title='bbox 1245 269 1434 311; x_wconf 82' lang='lat' dir='ltr'>circense</span> <span class='ocrx_word' id='word_1_20' title='bbox 1459 271 1509 311; x_wconf 88' lang='lat' dir='ltr'>ut</span> <span class='ocrx_word' id='word_1_21' title='bbox 1533 269 1668 311; x_wconf 84' lang='lat' dir='ltr'>Iuliae</span> 
     </span>
     <span class='ocr_line' id='line_1_5' title="bbox 101 327 1743 388; baseline -0.003 -14"><span class='ocrx_word' id='word_1_22' title='bbox 101 331 219 388; x_wconf 91' lang='lat' dir='ltr'>genti</span> <span class='ocrx_word' id='word_1_23' title='bbox 259 331 371 387; x_wconf 89' lang='lat' dir='ltr'>apud</span> <span class='ocrx_word' id='word_1_24' title='bbox 409 330 617 385; x_wconf 77' lang='lat' dir='ltr'>Bovillas,</span> <span class='ocrx_word' id='word_1_25' title='bbox 656 330 720 372; x_wconf 88' lang='lat' dir='ltr'>ita</span> <span class='ocrx_word' id='word_1_26' title='bbox 751 328 956 372; x_wconf 82' lang='lat' dir='ltr'>Claudiae</span> <span class='ocrx_word' id='word_1_27' title='bbox 993 327 1298 383; x_wconf 74' lang='lat' dir='ltr'>Domitiaeque</span> <span class='ocrx_word' id='word_1_28' title='bbox 1337 327 1450 383; x_wconf 90' lang='lat' dir='ltr'>apud</span> <span class='ocrx_word' id='word_1_29' title='bbox 1486 327 1668 370; x_wconf 90' lang='lat' dir='ltr'>Antium</span> <span class='ocrx_word' id='word_1_30' title='bbox 1696 336 1743 368; x_wconf 83' lang='lat'>10</span> 
     </span>
     <span class='ocr_line' id='line_1_6' title="bbox 98 386 1670 446; baseline -0.002 -12.994"><span class='ocrx_word' id='word_1_31' title='bbox 98 390 307 446; x_wconf 90' lang='lat' dir='ltr'>ederetur.</span> <span class='ocrx_word' id='word_1_32' title='bbox 369 404 477 445; x_wconf 91' lang='lat' dir='ltr'>quae</span> <span class='ocrx_word' id='word_1_33' title='bbox 513 390 629 432; x_wconf 86' lang='lat' dir='ltr'>fluxa</span> <span class='ocrx_word' id='word_1_34' title='bbox 663 389 800 444; x_wconf 83' lang='lat' dir='ltr'>fuere,</span> <span class='ocrx_word' id='word_1_35' title='bbox 843 390 1044 444; x_wconf 87' lang='lat' dir='ltr'>quartum</span> <span class='ocrx_word' id='word_1_36' title='bbox 1084 388 1200 429; x_wconf 90' lang='lat' dir='ltr'>intra</span> <span class='ocrx_word' id='word_1_37' title='bbox 1236 401 1429 429; x_wconf 88' lang='lat' dir='ltr'>mensem</span> <span class='ocrx_word' id='word_1_38' title='bbox 1467 386 1670 430; x_wconf 83' lang='lat' dir='ltr'>defuncta</span> 
     </span>
    </p>
   </div>
   <div class='ocr_carea' id='block_1_4' title="bbox 98 429 276 492">
    <p class='ocr_par' dir='ltr' id='par_1_4' title="bbox 98 429 276 492">
     <span class='ocr_line' id='line_1_7' title="bbox 98 429 276 492; baseline 0 0"><span class='ocrx_word' id='word_1_39' title='bbox 98 429 276 492; x_wconf 85' lang='lat' dir='ltr'>infante.</span> 
     </span>
    </p>
   </div>
   <div class='ocr_carea' id='block_1_5' title="bbox 343 446 1669 504">
    <p class='ocr_par' dir='ltr' id='par_1_5' title="bbox 343 446 1669 504">
     <span class='ocr_line' id='line_1_8' title="bbox 343 446 1669 504; baseline -0.002 -13"><span class='ocrx_word' id='word_1_40' title='bbox 343 463 577 504; x_wconf 85' lang='lat' dir='ltr'>rursusque</span> <span class='ocrx_word' id='word_1_41' title='bbox 621 449 793 490; x_wconf 89' lang='lat' dir='ltr'>exortae</span> <span class='ocrx_word' id='word_1_42' title='bbox 838 447 1107 489; x_wconf 75' lang='lat' dir='ltr'>adulationes</span> <span class='ocrx_word' id='word_1_43' title='bbox 1151 446 1419 489; x_wconf 75' lang='lat' dir='ltr'>censentium</span> <span class='ocrx_word' id='word_1_44' title='bbox 1459 446 1669 489; x_wconf 89' lang='lat' dir='ltr'>honorem</span> 
     </span>
    </p>
   </div>
   <div class='ocr_carea' id='block_1_6' title="bbox 99 505 1746 918">
    <p class='ocr_par' dir='ltr' id='par_1_6' title="bbox 99 505 1746 918">
     <span class='ocr_line' id='line_1_9' title="bbox 101 505 1669 563; baseline -0.003 -12"><span class='ocrx_word' id='word_1_45' title='bbox 101 509 226 551; x_wconf 84' lang='lat' dir='ltr'>divae</span> <span class='ocrx_word' id='word_1_46' title='bbox 258 511 301 551; x_wconf 91' lang='lat' dir='ltr'>et</span> <span class='ocrx_word' id='word_1_47' title='bbox 332 508 530 563; x_wconf 83' lang='lat' dir='ltr'>pulvinar</span> <span class='ocrx_word' id='word_1_48' title='bbox 561 507 792 562; x_wconf 87' lang='lat' dir='ltr'>aedemque</span> <span class='ocrx_word' id='word_1_49' title='bbox 825 508 868 549; x_wconf 88' lang='lat' dir='ltr'>et</span> <span class='ocrx_word' id='word_1_50' title='bbox 893 507 1169 549; x_wconf 88' lang='lat' dir='ltr'>sacerdotem.</span> <span class='ocrx_word' id='word_1_51' title='bbox 1220 508 1349 561; x_wconf 87' lang='lat' dir='ltr'>atque</span> <span class='ocrx_word' id='word_1_52' title='bbox 1379 505 1473 561; x_wconf 87' lang='lat' dir='ltr'>ipse</span> <span class='ocrx_word' id='word_1_53' title='bbox 1504 507 1554 547; x_wconf 90' lang='lat' dir='ltr'>ut</span> <span class='ocrx_word' id='word_1_54' title='bbox 1583 506 1669 547; x_wconf 91' lang='lat' dir='ltr'>lae-</span> 
     </span>
     <span class='ocr_line' id='line_1_10' title="bbox 99 565 1671 623; baseline -0.003 -13"><span class='ocrx_word' id='word_1_55' title='bbox 99 568 241 623; x_wconf 87' lang='lat' dir='ltr'>titiae,</span> <span class='ocrx_word' id='word_1_56' title='bbox 277 568 339 609; x_wconf 89' lang='lat' dir='ltr'>ita</span> <span class='ocrx_word' id='word_1_57' title='bbox 375 566 581 609; x_wconf 90' lang='lat' dir='ltr'>maeroris</span> <span class='ocrx_word' id='word_1_58' title='bbox 612 566 853 608; x_wconf 91' lang='lat' dir='ltr'>inmodicus</span> <span class='ocrx_word' id='word_1_59' title='bbox 886 566 986 622; x_wconf 90' lang='lat' dir='ltr'>egit.</span> <span class='ocrx_word' id='word_1_60' title='bbox 1048 565 1305 608; x_wconf 88' lang='lat' dir='ltr'>adnotatum</span> <span class='ocrx_word' id='word_1_61' title='bbox 1335 567 1420 620; x_wconf 90' lang='lat' dir='ltr'>est,</span> <span class='ocrx_word' id='word_1_62' title='bbox 1458 565 1576 607; x_wconf 91' lang='lat' dir='ltr'>omni</span> <span class='ocrx_word' id='word_1_63' title='bbox 1609 579 1671 607; x_wconf 91' lang='lat' dir='ltr'>se-</span> 
     </span>
     <span class='ocr_line' id='line_1_11' title="bbox 100 624 1746 680; baseline -0.001 -11"><span class='ocrx_word' id='word_1_64' title='bbox 100 630 207 669; x_wconf 87' lang='lat' dir='ltr'>natu</span> <span class='ocrx_word' id='word_1_65' title='bbox 238 626 419 668; x_wconf 90' lang='lat' dir='ltr'>Antium</span> <span class='ocrx_word' id='word_1_66' title='bbox 457 626 536 668; x_wconf 89' lang='lat' dir='ltr'>sub</span> <span class='ocrx_word' id='word_1_67' title='bbox 571 627 786 668; x_wconf 89' lang='lat' dir='ltr'>recentem</span> <span class='ocrx_word' id='word_1_68' title='bbox 817 628 991 680; x_wconf 88' lang='lat' dir='ltr'>partum</span> <span class='ocrx_word' id='word_1_69' title='bbox 1023 625 1174 680; x_wconf 86' lang='lat' dir='ltr'>effuso,</span> <span class='ocrx_word' id='word_1_70' title='bbox 1211 624 1447 667; x_wconf 87' lang='lat' dir='ltr'>Thraseam</span> <span class='ocrx_word' id='word_1_71' title='bbox 1478 624 1669 679; x_wconf 91' lang='lat' dir='ltr'>prohibi·</span> <span class='ocrx_word' id='word_1_72' title='bbox 1699 635 1746 668; x_wconf 77' lang='lat'>15</span> 
     </span>
     <span class='ocr_line' id='line_1_12' title="bbox 100 684 1671 739; baseline -0.002 -11"><span class='ocrx_word' id='word_1_73' title='bbox 100 688 195 728; x_wconf 91' lang='lat' dir='ltr'>tum</span> <span class='ocrx_word' id='word_1_74' title='bbox 237 686 402 727; x_wconf 91' lang='lat' dir='ltr'>inmoto</span> <span class='ocrx_word' id='word_1_75' title='bbox 447 685 589 727; x_wconf 91' lang='lat' dir='ltr'>animo</span> <span class='ocrx_word' id='word_1_76' title='bbox 627 685 930 739; x_wconf 87' lang='lat' dir='ltr'>praenuntiam</span> <span class='ocrx_word' id='word_1_77' title='bbox 968 684 1234 726; x_wconf 89' lang='lat' dir='ltr'>imminentis</span> <span class='ocrx_word' id='word_1_78' title='bbox 1272 684 1414 726; x_wconf 89' lang='lat' dir='ltr'>caedis</span> <span class='ocrx_word' id='word_1_79' title='bbox 1453 685 1671 726; x_wconf 89' lang='lat' dir='ltr'>contume-</span> 
     </span>
     <span class='ocr_line' id='line_1_13' title="bbox 101 741 1672 799; baseline -0.001 -13"><span class='ocrx_word' id='word_1_80' title='bbox 101 745 205 786; x_wconf 91' lang='lat' dir='ltr'>liam</span> <span class='ocrx_word' id='word_1_81' title='bbox 244 744 474 799; x_wconf 86' lang='lat' dir='ltr'>excepisse.</span> <span class='ocrx_word' id='word_1_82' title='bbox 536 746 728 786; x_wconf 88' lang='lat' dir='ltr'>secutam</span> <span class='ocrx_word' id='word_1_83' title='bbox 765 743 918 786; x_wconf 87' lang='lat' dir='ltr'>dehinc</span> <span class='ocrx_word' id='word_1_84' title='bbox 956 758 1104 786; x_wconf 86' lang='lat' dir='ltr'>vocem</span> <span class='ocrx_word' id='word_1_85' title='bbox 1144 741 1342 786; x_wconf 82' lang='lat' dir='ltr'>Caesaris</span> <span class='ocrx_word' id='word_1_86' title='bbox 1379 743 1542 799; x_wconf 84' lang='lat' dir='ltr'>ferunt,</span> <span class='ocrx_word' id='word_1_87' title='bbox 1586 757 1672 798; x_wconf 91' lang='lat' dir='ltr'>qua</span> 
     </span>
     <span class='ocr_line' id='line_1_14' title="bbox 101 801 1672 858; baseline -0.002 -12"><span class='ocrx_word' id='word_1_88' title='bbox 101 803 426 846; x_wconf 89' lang='lat' dir='ltr'>reconciliatum</span> <span class='ocrx_word' id='word_1_89' title='bbox 464 817 509 845; x_wconf 92' lang='lat' dir='ltr'>se</span> <span class='ocrx_word' id='word_1_90' title='bbox 541 803 756 845; x_wconf 88' lang='lat' dir='ltr'>Thraseae</span> <span class='ocrx_word' id='word_1_91' title='bbox 795 803 909 858; x_wconf 90' lang='lat' dir='ltr'>apud</span> <span class='ocrx_word' id='word_1_92' title='bbox 942 802 1147 846; x_wconf 86' lang='lat' dir='ltr'>Senecam</span> <span class='ocrx_word' id='word_1_93' title='bbox 1184 802 1427 857; x_wconf 89' lang='lat' dir='ltr'>iactaverit,</span> <span class='ocrx_word' id='word_1_94' title='bbox 1465 816 1515 844; x_wconf 89' lang='lat' dir='ltr'>ac</span> <span class='ocrx_word' id='word_1_95' title='bbox 1547 801 1672 844; x_wconf 87' lang='lat' dir='ltr'>Sene-</span> 
     </span>
     <span class='ocr_line' id='line_1_15' title="bbox 102 861 1671 918; baseline -0.001 -13"><span class='ocrx_word' id='word_1_96' title='bbox 102 877 214 905; x_wconf 38' lang='lat' dir='ltr'>cam.</span> <span class='ocrx_word' id='word_1_97' title='bbox 236 861 410 905; x_wconf 86' lang='lat' dir='ltr'>Caesari</span> <span class='ocrx_word' id='word_1_98' title='bbox 447 863 724 917; x_wconf 85' lang='lat' dir='ltr'>gratulatum.</span> <span class='ocrx_word' id='word_1_99' title='bbox 786 862 898 904; x_wconf 90' lang='lat' dir='ltr'>unde</span> <span class='ocrx_word' id='word_1_100' title='bbox 936 863 1077 917; x_wconf 89' lang='lat' dir='ltr'>gloria</span> <span class='ocrx_word' id='word_1_101' title='bbox 1114 862 1300 918; x_wconf 86' lang='lat' dir='ltr'>egregiis</span> <span class='ocrx_word' id='word_1_102' title='bbox 1337 861 1442 903; x_wconf 84' lang='lat' dir='ltr'>viris</span> <span class='ocrx_word' id='word_1_103' title='bbox 1481 863 1524 903; x_wconf 92' lang='lat' dir='ltr'>et</span> <span class='ocrx_word' id='word_1_104' title='bbox 1560 861 1671 916; x_wconf 88' lang='lat' dir='ltr'>peri-</span> 
     </span>
    </p>
   </div>
   <div class='ocr_carea' id='block_1_7' title="bbox 103 922 486 976">
    <p class='ocr_par' dir='ltr' id='par_1_7' title="bbox 103 922 486 976">
     <span class='ocr_line' id='line_1_16' title="bbox 103 922 486 976; baseline -0.005 -11"><span class='ocrx_word' id='word_1_105' title='bbox 103 922 200 965; x_wconf 87' lang='lat' dir='ltr'>cula</span> <span class='ocrx_word' id='word_1_106' title='bbox 231 922 486 976; x_wconf 87' lang='lat' dir='ltr'>gliscebant.</span> 
     </span>
    </p>
   </div>
   <div class='ocr_carea' id='block_1_8' title="bbox 1700 933 1749 965">
    <p class='ocr_par' dir='ltr' id='par_1_8' title="bbox 1700 933 1749 965">
     <span class='ocr_line' id='line_1_17' title="bbox 1700 933 1749 965; baseline 0.02 -1"><span class='ocrx_word' id='word_1_107' title='bbox 1700 933 1749 965; x_wconf 79' lang='lat'>20</span> 
     </span>
    </p>
   </div>
   <div class='ocr_carea' id='block_1_9' title="bbox 103 979 1749 1392">
    <p class='ocr_par' dir='ltr' id='par_1_9' title="bbox 103 979 1749 1392">
     <span class='ocr_line' id='line_1_18' title="bbox 223 979 1749 1036; baseline 0.001 -14"><span class='ocrx_word' id='word_1_108' title='bbox 223 981 345 1023; x_wconf 90' lang='lat' dir='ltr'>Inter</span> <span class='ocrx_word' id='word_1_109' title='bbox 373 995 482 1036; x_wconf 90' lang='lat' dir='ltr'>quae</span> <span class='ocrx_word' id='word_1_110' title='bbox 507 981 621 1023; x_wconf 85' lang='lat' dir='ltr'>veris</span> <span class='ocrx_word' id='word_1_111' title='bbox 646 980 858 1035; x_wconf 89' lang='lat' dir='ltr'>principio</span> <span class='ocrx_word' id='word_1_112' title='bbox 883 980 1017 1036; x_wconf 88' lang='lat' dir='ltr'>legati</span> <span class='ocrx_word' id='word_1_113' title='bbox 1042 980 1303 1022; x_wconf 87' lang='lat' dir='ltr'>Parthorum</span> <span class='ocrx_word' id='word_1_114' title='bbox 1329 979 1535 1022; x_wconf 88' lang='lat' dir='ltr'>mandata</span> <span class='ocrx_word' id='word_1_115' title='bbox 1559 979 1674 1036; x_wconf 87' lang='lat' dir='ltr'>regis</span> <span class='ocrx_word' id='word_1_116' title='bbox 1688 982 1749 1024; x_wconf 79' lang='lat'>24</span> 
     </span>
     <span class='ocr_line' id='line_1_19' title="bbox 103 1038 1677 1096; baseline -0.001 -14"><span class='ocrx_word' id='word_1_117' title='bbox 103 1040 335 1096; x_wconf 89' lang='lat' dir='ltr'>Vologesis</span> <span class='ocrx_word' id='word_1_118' title='bbox 367 1040 620 1095; x_wconf 88' lang='lat' dir='ltr'>litterasque</span> <span class='ocrx_word' id='word_1_119' title='bbox 650 1040 697 1081; x_wconf 94' lang='lat' dir='ltr'>in</span> <span class='ocrx_word' id='word_1_120' title='bbox 729 1039 910 1081; x_wconf 91' lang='lat' dir='ltr'>eandem</span> <span class='ocrx_word' id='word_1_121' title='bbox 941 1039 1128 1082; x_wconf 88' lang='lat' dir='ltr'>formam</span> <span class='ocrx_word' id='word_1_122' title='bbox 1160 1039 1360 1081; x_wconf 87' lang='lat' dir='ltr'>attulere:</span> <span class='ocrx_word' id='word_1_123' title='bbox 1392 1053 1438 1081; x_wconf 90' lang='lat' dir='ltr'>se</span> <span class='ocrx_word' id='word_1_124' title='bbox 1462 1038 1608 1094; x_wconf 89' lang='lat' dir='ltr'>priora</span> <span class='ocrx_word' id='word_1_125' title='bbox 1633 1041 1677 1081; x_wconf 92' lang='lat' dir='ltr'>et</span> 
     </span>
     <span class='ocr_line' id='line_1_20' title="bbox 104 1097 1675 1166; baseline -0.001 -25"><span class='ocrx_word' id='word_1_126' title='bbox 104 1099 268 1141; x_wconf 90' lang='lat' dir='ltr'>totiens</span> <span class='ocrx_word' id='word_1_127' title='bbox 300 1099 461 1141; x_wconf 89' lang='lat' dir='ltr'>iactata</span> <span class='ocrx_word' id='word_1_128' title='bbox 493 1113 621 1166; x_wconf 83' lang='lat' dir='ltr'>super</span> <span class='ocrx_word' id='word_1_129' title='bbox 652 1098 888 1141; x_wconf 90' lang='lat' dir='ltr'>obtinenda</span> <span class='ocrx_word' id='word_1_130' title='bbox 913 1097 1121 1141; x_wconf 91' lang='lat' dir='ltr'>Armenia</span> <span class='ocrx_word' id='word_1_131' title='bbox 1151 1113 1266 1140; x_wconf 90' lang='lat' dir='ltr'>nunc</span> <span class='ocrx_word' id='word_1_132' title='bbox 1297 1098 1510 1154; x_wconf 88' lang='lat' dir='ltr'>omittere,</span> <span class='ocrx_word' id='word_1_133' title='bbox 1542 1112 1675 1154; x_wconf 92' lang='lat' dir='ltr'>quon-</span> 
     </span>
     <span class='ocr_line' id='line_1_21' title="bbox 104 1157 1676 1225; baseline -0.001 -25"><span class='ocrx_word' id='word_1_134' title='bbox 104 1158 193 1200; x_wconf 90' lang='lat' dir='ltr'>iam</span> <span class='ocrx_word' id='word_1_135' title='bbox 232 1158 292 1213; x_wconf 92' lang='lat' dir='ltr'>di,</span> <span class='ocrx_word' id='word_1_136' title='bbox 337 1158 533 1225; x_wconf 81' lang='lat' dir='ltr'>quamvis</span> <span class='ocrx_word' id='word_1_137' title='bbox 571 1158 813 1213; x_wconf 88' lang='lat' dir='ltr'>potentium</span> <span class='ocrx_word' id='word_1_138' title='bbox 850 1158 1108 1213; x_wconf 90' lang='lat' dir='ltr'>populorum</span> <span class='ocrx_word' id='word_1_139' title='bbox 1146 1157 1313 1213; x_wconf 86' lang='lat' dir='ltr'>arbitri,</span> <span class='ocrx_word' id='word_1_140' title='bbox 1355 1157 1676 1214; x_wconf 90' lang='lat' dir='ltr'>possessionem</span> 
     </span>
     <span class='ocr_line' id='line_1_22' title="bbox 103 1216 1727 1273; baseline -0.001 -14"><span class='ocrx_word' id='word_1_141' title='bbox 103 1217 278 1259; x_wconf 90' lang='lat' dir='ltr'>Parthis</span> <span class='ocrx_word' id='word_1_142' title='bbox 309 1231 399 1259; x_wconf 93' lang='lat' dir='ltr'>non</span> <span class='ocrx_word' id='word_1_143' title='bbox 431 1217 523 1259; x_wconf 90' lang='lat' dir='ltr'>sine</span> <span class='ocrx_word' id='word_1_144' title='bbox 555 1217 795 1273; x_wconf 83' lang='lat' dir='ltr'>ignominia</span> <span class='ocrx_word' id='word_1_145' title='bbox 826 1216 1025 1259; x_wconf 89' lang='lat' dir='ltr'>Romana</span> <span class='ocrx_word' id='word_1_146' title='bbox 1054 1216 1344 1259; x_wconf 89' lang='lat' dir='ltr'>tradidissent.</span> <span class='ocrx_word' id='word_1_147' title='bbox 1393 1231 1531 1272; x_wconf 90' lang='lat' dir='ltr'>nuper</span> <span class='ocrx_word' id='word_1_148' title='bbox 1562 1217 1675 1259; x_wconf 89' lang='lat' dir='ltr'>clau·</span> <span class='ocrx_word' id='word_1_149' title='bbox 1702 1230 1727 1263; x_wconf 79' lang='lat'>5</span> 
     </span>
     <span class='ocr_line' id='line_1_23' title="bbox 105 1276 1677 1332; baseline -0.001 -14"><span class='ocrx_word' id='word_1_150' title='bbox 105 1291 201 1319; x_wconf 91' lang='lat' dir='ltr'>sum</span> <span class='ocrx_word' id='word_1_151' title='bbox 225 1276 462 1332; x_wconf 85' lang='lat' dir='ltr'>Tigranen3</span> <span class='ocrx_word' id='word_1_152' title='bbox 491 1280 592 1331; x_wconf 89' lang='lat' dir='ltr'>post</span> <span class='ocrx_word' id='word_1_153' title='bbox 615 1276 799 1319; x_wconf 92' lang='lat' dir='ltr'>Paetum</span> <span class='ocrx_word' id='word_1_154' title='bbox 823 1277 1102 1332; x_wconf 88' lang='lat' dir='ltr'>legionesque</span> <span class='ocrx_word' id='word_1_155' title='bbox 1127 1291 1224 1318; x_wconf 93' lang='lat' dir='ltr'>cum</span> <span class='ocrx_word' id='word_1_156' title='bbox 1250 1277 1492 1331; x_wconf 92' lang='lat' dir='ltr'>opprimere</span> <span class='ocrx_word' id='word_1_157' title='bbox 1517 1277 1677 1331; x_wconf 89' lang='lat' dir='ltr'>posset,</span> 
     </span>
     <span class='ocr_line' id='line_1_24' title="bbox 103 1335 1676 1392; baseline 0 -15"><span class='ocrx_word' id='word_1_158' title='bbox 103 1335 339 1378; x_wconf 90' lang='lat' dir='ltr'>incolumes</span> <span class='ocrx_word' id='word_1_159' title='bbox 371 1335 597 1378; x_wconf 86' lang='lat' dir='ltr'>dimisisse.</span> <span class='ocrx_word' id='word_1_160' title='bbox 648 1336 752 1378; x_wconf 87' lang='lat' dir='ltr'>satis</span> <span class='ocrx_word' id='word_1_161' title='bbox 784 1335 1068 1390; x_wconf 83' lang='lat' dir='ltr'>adprobatam</span> <span class='ocrx_word' id='word_1_162' title='bbox 1100 1336 1206 1392; x_wconf 81' lang='lat' dir='ltr'>vim3</span> <span class='ocrx_word' id='word_1_163' title='bbox 1237 1335 1385 1377; x_wconf 87' lang='lat' dir='ltr'>datum</span> <span class='ocrx_word' id='word_1_164' title='bbox 1416 1337 1459 1377; x_wconf 91' lang='lat' dir='ltr'>et</span> <span class='ocrx_word' id='word_1_165' title='bbox 1481 1335 1676 1377; x_wconf 86' lang='lat' dir='ltr'>lenitatis</span> 
     </span>
    </p>
   </div>
   <div class='ocr_carea' id='block_1_10' title="bbox 105 1395 458 1450">
    <p class='ocr_par' dir='ltr' id='par_1_10' title="bbox 105 1395 458 1450">
     <span class='ocr_line' id='line_1_25' title="bbox 105 1395 458 1450; baseline 0.003 -14"><span class='ocrx_word' id='word_1_166' title='bbox 105 1395 458 1450; x_wconf 88' lang='lat' dir='ltr'>experimentum.</span> 
     </span>
    </p>
   </div>
   <div class='ocr_carea' id='block_1_11' title="bbox 525 1394 1676 1450">
    <p class='ocr_par' dir='ltr' id='par_1_11' title="bbox 525 1394 1676 1450">
     <span class='ocr_line' id='line_1_26' title="bbox 525 1394 1676 1450; baseline 0 -14"><span class='ocrx_word' id='word_1_167' title='bbox 525 1409 603 1437; x_wconf 92' lang='lat' dir='ltr'>nec</span> <span class='ocrx_word' id='word_1_168' title='bbox 646 1398 941 1438; x_wconf 89' lang='lat' dir='ltr'>recusaturum</span> <span class='ocrx_word' id='word_1_169' title='bbox 979 1395 1201 1438; x_wconf 89' lang='lat' dir='ltr'>Tiridaten</span> <span class='ocrx_word' id='word_1_170' title='bbox 1244 1394 1491 1450; x_wconf 88' lang='lat' dir='ltr'>accipiendo</span> <span class='ocrx_word' id='word_1_171' title='bbox 1533 1394 1676 1436; x_wconf 88' lang='lat' dir='ltr'>diade-</span> 
     </span>
    </p>
   </div>
   <div class='ocr_carea' id='block_1_12' title="bbox 104 1454 1677 1569">
    <p class='ocr_par' dir='ltr' id='par_1_12' title="bbox 104 1454 1677 1569">
     <span class='ocr_line' id='line_1_27' title="bbox 105 1454 1677 1510; baseline 0 -15"><span class='ocrx_word' id='word_1_172' title='bbox 105 1454 214 1495; x_wconf 91' lang='lat' dir='ltr'>mati</span> <span class='ocrx_word' id='word_1_173' title='bbox 255 1454 301 1495; x_wconf 93' lang='lat' dir='ltr'>in</span> <span class='ocrx_word' id='word_1_174' title='bbox 344 1454 498 1496; x_wconf 91' lang='lat' dir='ltr'>urbem</span> <span class='ocrx_word' id='word_1_175' title='bbox 540 1455 704 1509; x_wconf 86' lang='lat' dir='ltr'>venire,</span> <span class='ocrx_word' id='word_1_176' title='bbox 753 1455 839 1496; x_wconf 89' lang='lat' dir='ltr'>nisi</span> <span class='ocrx_word' id='word_1_177' title='bbox 883 1454 1111 1497; x_wconf 90' lang='lat' dir='ltr'>sacerdotii</span> <span class='ocrx_word' id='word_1_178' title='bbox 1154 1454 1364 1510; x_wconf 87' lang='lat' dir='ltr'>religione</span> <span class='ocrx_word' id='word_1_179' title='bbox 1409 1454 1677 1496; x_wconf 89' lang='lat' dir='ltr'>attineretur.</span> 
     </span>
     <span class='ocr_line' id='line_1_28' title="bbox 104 1513 1676 1569; baseline 0.001 -15"><span class='ocrx_word' id='word_1_180' title='bbox 104 1513 266 1555; x_wconf 90' lang='lat' dir='ltr'>iturum</span> <span class='ocrx_word' id='word_1_181' title='bbox 309 1513 364 1555; x_wconf 86' lang='lat' dir='ltr'>ad</span> <span class='ocrx_word' id='word_1_182' title='bbox 408 1514 534 1569; x_wconf 91' lang='lat' dir='ltr'>signa</span> <span class='ocrx_word' id='word_1_183' title='bbox 576 1516 619 1556; x_wconf 92' lang='lat' dir='ltr'>et</span> <span class='ocrx_word' id='word_1_184' title='bbox 663 1514 828 1569; x_wconf 88' lang='lat' dir='ltr'>effigies</span> <span class='ocrx_word' id='word_1_185' title='bbox 866 1513 1091 1569; x_wconf 90' lang='lat' dir='ltr'>principis,</span> <span class='ocrx_word' id='word_1_186' title='bbox 1134 1514 1210 1556; x_wconf 92' lang='lat' dir='ltr'>ubi</span> <span class='ocrx_word' id='word_1_187' title='bbox 1247 1513 1492 1569; x_wconf 88' lang='lat' dir='ltr'>legionibus</span> <span class='ocrx_word' id='word_1_188' title='bbox 1530 1527 1676 1555; x_wconf 87' lang='lat' dir='ltr'>eoram</span> 
     </span>
    </p>
   </div>
   <div class='ocr_carea' id='block_1_13' title="bbox 106 1572 627 1628">
    <p class='ocr_par' dir='ltr' id='par_1_13' title="bbox 106 1572 627 1628">
     <span class='ocr_line' id='line_1_29' title="bbox 106 1572 627 1628; baseline 0.002 -14"><span class='ocrx_word' id='word_1_189' title='bbox 106 1585 289 1628; x_wconf 87' lang='lat' dir='ltr'>regnum</span> <span class='ocrx_word' id='word_1_190' title='bbox 321 1572 627 1628; x_wconf 88' lang='lat' dir='ltr'>auspicaretur.</span> 
     </span>
    </p>
   </div>
   <div class='ocr_carea' id='block_1_14' title="bbox 108 1747 865 2927">
    <p class='ocr_par' dir='ltr' id='par_1_14' title="bbox 108 1747 858 1972">
     <span class='ocr_line' id='line_1_30' title="bbox 155 1747 857 1783; baseline 0.001 -1"><span class='ocrx_word' id='word_1_191' title='bbox 155 1750 188 1783; x_wconf 90' lang='grc'>8.</span> <span class='ocrx_word' id='word_1_192' title='bbox 215 1747 485 1783; x_wconf 86' lang='lat' dir='ltr'>Fortunarum.</span> <span class='ocrx_word' id='word_1_193' title='bbox 524 1748 567 1783; x_wconf 89' lang='lat' dir='ltr'>In</span> <span class='ocrx_word' id='word_1_194' title='bbox 586 1748 741 1783; x_wconf 89' lang='lat' dir='ltr'>Antium</span> <span class='ocrx_word' id='word_1_195' title='bbox 761 1761 857 1783; x_wconf 88' lang='lat' dir='ltr'>wur-</span> 
     </span>
     <span class='ocr_line' id='line_1_31' title="bbox 109 1794 858 1841; baseline 0.001 -11"><span class='ocrx_word' id='word_1_196' title='bbox 109 1794 182 1830; x_wconf 87' lang='lat' dir='ltr'>den</span> <span class='ocrx_word' id='word_1_197' title='bbox 223 1794 263 1829; x_wconf 90' lang='lat' dir='ltr'>in</span> <span class='ocrx_word' id='word_1_198' title='bbox 308 1795 524 1830; x_wconf 87' lang='lat' dir='ltr'>demselben</span> <span class='ocrx_word' id='word_1_199' title='bbox 565 1795 723 1841; x_wconf 90' lang='lat' dir='ltr'>Tempel</span> <span class='ocrx_word' id='word_1_200' title='bbox 765 1796 858 1831; x_wconf 87' lang='lat' dir='ltr'>zwei</span> 
     </span>
     <span class='ocr_line' id='line_1_32' title="bbox 111 1841 858 1886; baseline 0.003 -10"><span class='ocrx_word' id='word_1_201' title='bbox 111 1841 452 1886; x_wconf 69' lang='lat' dir='ltr'>Glficksgottinnen</span> <span class='ocrx_word' id='word_1_202' title='bbox 470 1843 632 1886; x_wconf 87' lang='lat' dir='ltr'>verehrt,</span> <span class='ocrx_word' id='word_1_203' title='bbox 658 1854 725 1878; x_wconf 88' lang='lat' dir='ltr'>aus</span> <span class='ocrx_word' id='word_1_204' title='bbox 745 1843 858 1878; x_wconf 88' lang='lat' dir='ltr'>deren</span> 
     </span>
     <span class='ocr_line' id='line_1_33' title="bbox 108 1889 858 1935; baseline 0.001 -11"><span class='ocrx_word' id='word_1_205' title='bbox 108 1889 326 1934; x_wconf 85' lang='lat' dir='ltr'>Bewegung</span> <span class='ocrx_word' id='word_1_206' title='bbox 350 1889 450 1924; x_wconf 89' lang='lat' dir='ltr'>beim</span> <span class='ocrx_word' id='word_1_207' title='bbox 468 1889 745 1935; x_wconf 88' lang='lat' dir='ltr'>Umhertragen</span> <span class='ocrx_word' id='word_1_208' title='bbox 769 1901 858 1925; x_wconf 90' lang='lat' dir='ltr'>man</span> 
     </span>
     <span class='ocr_line' id='line_1_34' title="bbox 110 1935 465 1972; baseline 0.003 -1"><span class='ocrx_word' id='word_1_209' title='bbox 110 1935 251 1971; x_wconf 83' lang='lat' dir='ltr'>Orakel</span> <span class='ocrx_word' id='word_1_210' title='bbox 276 1937 465 1972; x_wconf 85' lang='lat' dir='ltr'>entnahm.</span> 
     </span>
    </p>

    <p class='ocr_par' dir='ltr' id='par_1_15' title="bbox 108 1982 859 2208">
     <span class='ocr_line' id='line_1_35' title="bbox 158 1982 858 2028; baseline 0.003 -10"><span class='ocrx_word' id='word_1_211' title='bbox 158 1987 213 2018; x_wconf 89' lang='lat'>10.</span> <span class='ocrx_word' id='word_1_212' title='bbox 240 1983 282 2018; x_wconf 92' lang='lat' dir='ltr'>In</span> <span class='ocrx_word' id='word_1_213' title='bbox 309 1982 490 2028; x_wconf 87' lang='lat' dir='ltr'>Bovillae,</span> <span class='ocrx_word' id='word_1_214' title='bbox 516 1983 597 2019; x_wconf 90' lang='lat' dir='ltr'>drei</span> <span class='ocrx_word' id='word_1_215' title='bbox 620 1983 759 2019; x_wconf 87' lang='lat' dir='ltr'>Meilen</span> <span class='ocrx_word' id='word_1_216' title='bbox 783 1995 858 2020; x_wconf 87' lang='lat' dir='ltr'>von</span> 
     </span>
     <span class='ocr_line' id='line_1_36' title="bbox 110 2030 857 2076; baseline 0.003 -11"><span class='ocrx_word' id='word_1_217' title='bbox 110 2030 206 2066; x_wconf 84' lang='lat' dir='ltr'>Rom</span> <span class='ocrx_word' id='word_1_218' title='bbox 227 2042 275 2066; x_wconf 91' lang='lat' dir='ltr'>an</span> <span class='ocrx_word' id='word_1_219' title='bbox 294 2031 360 2066; x_wconf 91' lang='lat' dir='ltr'>der</span> <span class='ocrx_word' id='word_1_220' title='bbox 375 2031 590 2076; x_wconf 83' lang='lat' dir='ltr'>Appischen</span> <span class='ocrx_word' id='word_1_221' title='bbox 603 2031 857 2075; x_wconf 83' lang='lat' dir='ltr'>Landstrasse,</span> 
     </span>
     <span class='ocr_line' id='line_1_37' title="bbox 108 2077 858 2114; baseline 0.001 -1"><span class='ocrx_word' id='word_1_222' title='bbox 108 2077 268 2113; x_wconf 87' lang='lat' dir='ltr'>bestand</span> <span class='ocrx_word' id='word_1_223' title='bbox 301 2077 362 2113; x_wconf 92' lang='lat' dir='ltr'>ein</span> <span class='ocrx_word' id='word_1_224' title='bbox 392 2079 490 2114; x_wconf 85' lang='lat' dir='ltr'>alter</span> <span class='ocrx_word' id='word_1_225' title='bbox 514 2079 650 2114; x_wconf 91' lang='lat' dir='ltr'>Kultus</span> <span class='ocrx_word' id='word_1_226' title='bbox 676 2079 742 2114; x_wconf 88' lang='lat' dir='ltr'>der</span> <span class='ocrx_word' id='word_1_227' title='bbox 765 2078 858 2114; x_wconf 87' lang='lat' dir='ltr'>Juli-</span> 
     </span>
     <span class='ocr_line' id='line_1_38' title="bbox 110 2125 859 2172; baseline 0.003 -12"><span class='ocrx_word' id='word_1_228' title='bbox 110 2125 226 2161; x_wconf 85' lang='lat' dir='ltr'>schen</span> <span class='ocrx_word' id='word_1_229' title='bbox 251 2125 361 2160; x_wconf 82' lang='lat' dir='ltr'>Gens.</span> <span class='ocrx_word' id='word_1_230' title='bbox 411 2126 497 2172; x_wconf 87' lang='lat' dir='ltr'>Vgl.</span> <span class='ocrx_word' id='word_1_231' title='bbox 529 2131 562 2170; x_wconf 80' lang='grc'>2,</span> <span class='ocrx_word' id='word_1_232' title='bbox 588 2129 646 2163; x_wconf 93' lang='lat'>41.</span> <span class='ocrx_word' id='word_1_233' title='bbox 678 2147 726 2152; x_wconf 98' lang='lat'><strong>—</strong></span> <span class='ocrx_word' id='word_1_234' title='bbox 755 2127 859 2172; x_wconf 83' lang='lat' dir='ltr'>apud</span> 
     </span>
     <span class='ocr_line' id='line_1_39' title="bbox 109 2172 370 2208; baseline 0 0"><span class='ocrx_word' id='word_1_235' title='bbox 109 2173 212 2208; x_wconf 84' lang='lat' dir='ltr'>steht</span> <span class='ocrx_word' id='word_1_236' title='bbox 234 2172 294 2207; x_wconf 77' lang='lat' dir='ltr'>fiir</span> <span class='ocrx_word' id='word_1_237' title='bbox 318 2173 370 2208; x_wconf 83' lang='lat' dir='ltr'>in.</span> 
     </span>
    </p>

    <p class='ocr_par' dir='ltr' id='par_1_16' title="bbox 110 2220 860 2547">
     <span class='ocr_line' id='line_1_40' title="bbox 160 2220 858 2266; baseline 0.003 -12"><span class='ocrx_word' id='word_1_238' title='bbox 160 2223 178 2254; x_wconf 94' lang='lat'>1</span> <span class='ocrx_word' id='word_1_239' title='bbox 186 2224 217 2256; x_wconf 85' lang='lat'>1.</span> <span class='ocrx_word' id='word_1_240' title='bbox 229 2221 335 2264; x_wconf 74' lang='lat' dir='ltr'>tluaea</span> <span class='ocrx_word' id='word_1_241' title='bbox 345 2220 513 2264; x_wconf 86' lang='lat' dir='ltr'>„schnell</span> <span class='ocrx_word' id='word_1_242' title='bbox 524 2221 858 2266; x_wconf 71' lang='lat' dir='ltr'>vorfibergehend“</span> 
     </span>
     <span class='ocr_line' id='line_1_41' title="bbox 110 2266 858 2312; baseline 0.003 -11"><span class='ocrx_word' id='word_1_243' title='bbox 110 2278 185 2302; x_wconf 87' lang='lat' dir='ltr'>von</span> <span class='ocrx_word' id='word_1_244' title='bbox 204 2266 326 2302; x_wconf 88' lang='lat' dir='ltr'>einem</span> <span class='ocrx_word' id='word_1_245' title='bbox 346 2267 537 2303; x_wconf 86' lang='lat' dir='ltr'>einzelnen</span> <span class='ocrx_word' id='word_1_246' title='bbox 548 2268 666 2312; x_wconf 85' lang='lat' dir='ltr'>Falle,</span> <span class='ocrx_word' id='word_1_247' title='bbox 686 2267 756 2304; x_wconf 88' lang='lat' dir='ltr'>wie</span> <span class='ocrx_word' id='word_1_248' title='bbox 769 2268 858 2304; x_wconf 89' lang='lat' dir='ltr'>hist.</span> 
     </span>
     <span class='ocr_line' id='line_1_42' title="bbox 112 2313 860 2360; baseline 0.004 -12"><span class='ocrx_word' id='word_1_249' title='bbox 112 2318 144 2358; x_wconf 85' lang='lat'>1,</span> <span class='ocrx_word' id='word_1_250' title='bbox 159 2318 204 2348; x_wconf 85' lang='lat'>21</span> <span class='ocrx_word' id='word_1_251' title='bbox 220 2313 363 2349; x_wconf 79' lang='lat' dir='ltr'>Galbae</span> <span class='ocrx_word' id='word_1_252' title='bbox 381 2316 585 2351; x_wconf 79' lang='lat' dir='ltr'>auctoritas</span> <span class='ocrx_word' id='word_1_253' title='bbox 603 2317 719 2360; x_wconf 78' lang='lat' dir='ltr'>fluxa.</span> <span class='ocrx_word' id='word_1_254' title='bbox 747 2315 860 2351; x_wconf 85' lang='lat' dir='ltr'>Sonst</span> 
     </span>
     <span class='ocr_line' id='line_1_43' title="bbox 110 2360 859 2408; baseline 0.004 -13"><span class='ocrx_word' id='word_1_255' title='bbox 110 2360 178 2396; x_wconf 89' lang='lat' dir='ltr'>hat</span> <span class='ocrx_word' id='word_1_256' title='bbox 208 2361 276 2396; x_wconf 86' lang='lat' dir='ltr'>das</span> <span class='ocrx_word' id='word_1_257' title='bbox 306 2360 417 2397; x_wconf 89' lang='lat' dir='ltr'>Wort</span> <span class='ocrx_word' id='word_1_258' title='bbox 449 2362 509 2398; x_wconf 89' lang='lat' dir='ltr'>die</span> <span class='ocrx_word' id='word_1_259' title='bbox 541 2362 765 2408; x_wconf 87' lang='lat' dir='ltr'>allgemeine</span> <span class='ocrx_word' id='word_1_260' title='bbox 790 2363 859 2398; x_wconf 87' lang='lat' dir='ltr'>Be-</span> 
     </span>
     <span class='ocr_line' id='line_1_44' title="bbox 110 2409 858 2455; baseline 0.003 -12"><span class='ocrx_word' id='word_1_261' title='bbox 110 2409 281 2454; x_wconf 86' lang='lat' dir='ltr'>deutung</span> <span class='ocrx_word' id='word_1_262' title='bbox 306 2409 598 2455; x_wconf 70' lang='lat' dir='ltr'>„verganglich“</span> <span class='ocrx_word' id='word_1_263' title='bbox 623 2422 651 2447; x_wconf 89' lang='lat' dir='ltr'>z.</span> <span class='ocrx_word' id='word_1_264' title='bbox 672 2411 712 2445; x_wconf 91' lang='lat' dir='ltr'>B.</span> <span class='ocrx_word' id='word_1_265' title='bbox 736 2414 792 2455; x_wconf 90' lang='lat'>13,</span> <span class='ocrx_word' id='word_1_266' title='bbox 816 2414 858 2445; x_wconf 89' lang='grc'>19</span> 
     </span>
     <span class='ocr_line' id='line_1_45' title="bbox 110 2456 860 2493; baseline 0.004 -3"><span class='ocrx_word' id='word_1_267' title='bbox 110 2456 208 2491; x_wconf 83' lang='lat' dir='ltr'>nihil</span> <span class='ocrx_word' id='word_1_268' title='bbox 243 2466 366 2491; x_wconf 87' lang='lat' dir='ltr'>rerum</span> <span class='ocrx_word' id='word_1_269' title='bbox 398 2457 609 2492; x_wconf 76' lang='lat' dir='ltr'>mortalium</span> <span class='ocrx_word' id='word_1_270' title='bbox 639 2461 715 2493; x_wconf 84' lang='lat' dir='ltr'>tam</span> <span class='ocrx_word' id='word_1_271' title='bbox 744 2458 860 2493; x_wconf 77' lang='lat' dir='ltr'>insta-</span> 
     </span>
     <span class='ocr_line' id='line_1_46' title="bbox 113 2503 510 2547; baseline 0.003 -9"><span class='ocrx_word' id='word_1_272' title='bbox 113 2504 182 2539; x_wconf 89' lang='lat' dir='ltr'>bile</span> <span class='ocrx_word' id='word_1_273' title='bbox 207 2514 252 2538; x_wconf 90' lang='lat' dir='ltr'>ac</span> <span class='ocrx_word' id='word_1_274' title='bbox 276 2503 419 2547; x_wconf 74' lang='lat' dir='ltr'>fluaeum</span> <span class='ocrx_word' id='word_1_275' title='bbox 445 2504 510 2539; x_wconf 88' lang='lat' dir='ltr'>ctt.</span> 
     </span>
    </p>

    <p class='ocr_par' dir='ltr' id='par_1_17' title="bbox 111 2550 860 2690">
     <span class='ocr_line' id='line_1_47' title="bbox 162 2550 860 2587; baseline 0.001 -2"><span class='ocrx_word' id='word_1_276' title='bbox 162 2553 217 2586; x_wconf 84' lang='lat'>14.</span> <span class='ocrx_word' id='word_1_277' title='bbox 249 2551 458 2586; x_wconf 79' lang='lat' dir='ltr'>inmodicus</span> <span class='ocrx_word' id='word_1_278' title='bbox 488 2550 559 2586; x_wconf 92' lang='lat' dir='ltr'>mit</span> <span class='ocrx_word' id='word_1_279' title='bbox 590 2551 675 2587; x_wconf 88' lang='lat' dir='ltr'>dem</span> <span class='ocrx_word' id='word_1_280' title='bbox 701 2550 860 2587; x_wconf 84' lang='lat' dir='ltr'>Genetiv</span> 
     </span>
     <span class='ocr_line' id='line_1_48' title="bbox 113 2597 860 2642; baseline 0.001 -10"><span class='ocrx_word' id='word_1_281' title='bbox 113 2598 211 2633; x_wconf 88' lang='lat' dir='ltr'>auch</span> <span class='ocrx_word' id='word_1_282' title='bbox 229 2597 317 2633; x_wconf 86' lang='lat' dir='ltr'>hist.</span> <span class='ocrx_word' id='word_1_283' title='bbox 341 2601 372 2642; x_wconf 86' lang='lat'>1,</span> <span class='ocrx_word' id='word_1_284' title='bbox 393 2601 450 2632; x_wconf 83' lang='lat'>53.</span> <span class='ocrx_word' id='word_1_285' title='bbox 483 2597 594 2633; x_wconf 84' lang='lat' dir='ltr'>Sonst</span> <span class='ocrx_word' id='word_1_286' title='bbox 609 2610 680 2633; x_wconf 86' lang='lat' dir='ltr'>nur</span> <span class='ocrx_word' id='word_1_287' title='bbox 699 2598 761 2634; x_wconf 92' lang='lat' dir='ltr'>bei</span> <span class='ocrx_word' id='word_1_288' title='bbox 780 2598 860 2634; x_wconf 85' lang='lat' dir='ltr'>Sal-</span> 
     </span>
     <span class='ocr_line' id='line_1_49' title="bbox 111 2644 860 2690; baseline 0.001 -10"><span class='ocrx_word' id='word_1_289' title='bbox 111 2645 198 2688; x_wconf 86' lang='lat' dir='ltr'>lust,</span> <span class='ocrx_word' id='word_1_290' title='bbox 211 2644 380 2690; x_wconf 87' lang='lat' dir='ltr'>Vellejus</span> <span class='ocrx_word' id='word_1_291' title='bbox 392 2645 470 2680; x_wconf 88' lang='lat' dir='ltr'>und</span> <span class='ocrx_word' id='word_1_292' title='bbox 484 2647 657 2690; x_wconf 68' lang='lat' dir='ltr'>spateren</span> <span class='ocrx_word' id='word_1_293' title='bbox 667 2645 860 2682; x_wconf 87' lang='lat' dir='ltr'>Dichtern.</span> 
     </span>
    </p>

    <p class='ocr_par' dir='ltr' id='par_1_18' title="bbox 109 2691 863 2831">
     <span class='ocr_line' id='line_1_50' title="bbox 162 2691 861 2738; baseline 0.001 -11"><span class='ocrx_word' id='word_1_294' title='bbox 162 2695 218 2728; x_wconf 81' lang='lat'>15.</span> <span class='ocrx_word' id='word_1_295' title='bbox 250 2692 481 2736; x_wconf 79' lang='lat' dir='ltr'>prohibitum</span> <span class='ocrx_word' id='word_1_296' title='bbox 515 2691 643 2736; x_wconf 82' lang='lat' dir='ltr'>„nicht</span> <span class='ocrx_word' id='word_1_297' title='bbox 673 2693 861 2738; x_wconf 83' lang='lat' dir='ltr'>vorgelas-</span> 
     </span>
     <span class='ocr_line' id='line_1_51' title="bbox 114 2739 863 2784; baseline 0.001 -10"><span class='ocrx_word' id='word_1_298' title='bbox 114 2740 220 2784; x_wconf 84' lang='lat' dir='ltr'>sen“,</span> <span class='ocrx_word' id='word_1_299' title='bbox 251 2739 322 2774; x_wconf 86' lang='lat' dir='ltr'>wie</span> <span class='ocrx_word' id='word_1_300' title='bbox 350 2743 406 2783; x_wconf 86' lang='lat'>16,</span> <span class='ocrx_word' id='word_1_301' title='bbox 432 2743 478 2774; x_wconf 80' lang='lat'>24</span> <span class='ocrx_word' id='word_1_302' title='bbox 514 2739 677 2775; x_wconf 80' lang='lat' dir='ltr'>Thrasea</span> <span class='ocrx_word' id='word_1_303' title='bbox 710 2750 863 2775; x_wconf 77' lang='lat' dir='ltr'>occwrsu</span> 
     </span>
     <span class='ocr_line' id='line_1_52' title="bbox 109 2787 789 2831; baseline 0.001 -10"><span class='ocrx_word' id='word_1_304' title='bbox 109 2787 323 2831; x_wconf 75' lang='lat' dir='ltr'>prohibitus</span> <span class='ocrx_word' id='word_1_305' title='bbox 346 2797 423 2822; x_wconf 86' lang='lat' dir='ltr'>non</span> <span class='ocrx_word' id='word_1_306' title='bbox 447 2787 590 2822; x_wconf 82' lang='lat' dir='ltr'>demisit</span> <span class='ocrx_word' id='word_1_307' title='bbox 615 2787 789 2822; x_wconf 87' lang='lat' dir='ltr'>animum.</span> 
     </span>
    </p>

    <p class='ocr_par' dir='ltr' id='par_1_19' title="bbox 113 2833 865 2927">
     <span class='ocr_line' id='line_1_53' title="bbox 164 2833 865 2878; baseline 0.001 -10"><span class='ocrx_word' id='word_1_308' title='bbox 164 2837 219 2869; x_wconf 92' lang='grc'>19.</span> <span class='ocrx_word' id='word_1_309' title='bbox 244 2835 481 2878; x_wconf 74' lang='lat' dir='ltr'>yratulatum.</span> <span class='ocrx_word' id='word_1_310' title='bbox 533 2833 674 2869; x_wconf 86' lang='lat' dir='ltr'>Seneca</span> <span class='ocrx_word' id='word_1_311' title='bbox 692 2833 865 2870; x_wconf 71' lang='lat' dir='ltr'>wiinscht</span> 
     </span>
     <span class='ocr_line' id='line_1_54' title="bbox 113 2879 864 2927; baseline 0 -12"><span class='ocrx_word' id='word_1_312' title='bbox 113 2879 194 2915; x_wconf 89' lang='lat' dir='ltr'>ihm</span> <span class='ocrx_word' id='word_1_313' title='bbox 208 2879 328 2916; x_wconf 78' lang='lat' dir='ltr'>Glfick</span> <span class='ocrx_word' id='word_1_314' title='bbox 347 2881 382 2916; x_wconf 88' lang='lat' dir='ltr'>d.</span> <span class='ocrx_word' id='word_1_315' title='bbox 402 2881 438 2916; x_wconf 92' lang='lat' dir='ltr'>h.</span> <span class='ocrx_word' id='word_1_316' title='bbox 460 2881 541 2917; x_wconf 84' lang='lat' dir='ltr'>lobt</span> <span class='ocrx_word' id='word_1_317' title='bbox 558 2880 625 2918; x_wconf 85' lang='lat' dir='ltr'>ihn</span> <span class='ocrx_word' id='word_1_318' title='bbox 643 2891 776 2927; x_wconf 86' lang='lat' dir='ltr'>wegen</span> <span class='ocrx_word' id='word_1_319' title='bbox 797 2880 864 2916; x_wconf 86' lang='lat' dir='ltr'>der</span> 
     </span>
    </p>
   </div>
   <div class='ocr_carea' id='block_1_15' title="bbox 930 1748 1679 1832">
    <p class='ocr_par' dir='ltr' id='par_1_20' title="bbox 930 1748 1679 1832">
     <span class='ocr_line' id='line_1_55' title="bbox 930 1748 1679 1795; baseline 0 -12"><span class='ocrx_word' id='word_1_320' title='bbox 930 1748 1179 1794; x_wconf 88' lang='lat' dir='ltr'>angeblichen</span> <span class='ocrx_word' id='word_1_321' title='bbox 1192 1748 1318 1783; x_wconf 87' lang='lat' dir='ltr'>Milde.</span> <span class='ocrx_word' id='word_1_322' title='bbox 1338 1769 1386 1774; x_wconf 84' lang='lat'>—-</span> <span class='ocrx_word' id='word_1_323' title='bbox 1404 1749 1558 1795; x_wconf 72' lang='lat' dir='ltr'>eyreqiis</span> <span class='ocrx_word' id='word_1_324' title='bbox 1573 1749 1679 1793; x_wconf 80' lang='lat' dir='ltr'>viris,</span> 
     </span>
     <span class='ocr_line' id='line_1_56' title="bbox 930 1795 1677 1832; baseline 0.001 -2"><span class='ocrx_word' id='word_1_325' title='bbox 930 1796 1095 1831; x_wconf 83' lang='lat' dir='ltr'>n‘amlich</span> <span class='ocrx_word' id='word_1_326' title='bbox 1121 1795 1206 1831; x_wconf 90' lang='lat' dir='ltr'>dem</span> <span class='ocrx_word' id='word_1_327' title='bbox 1232 1796 1400 1832; x_wconf 85' lang='lat' dir='ltr'>Thrasea</span> <span class='ocrx_word' id='word_1_328' title='bbox 1425 1796 1501 1831; x_wconf 84' lang='lat' dir='ltr'>und.</span> <span class='ocrx_word' id='word_1_329' title='bbox 1526 1795 1677 1831; x_wconf 84' lang='lat' dir='ltr'>Seneca.</span> 
     </span>
    </p>
   </div>
   <div class='ocr_carea' id='block_1_16' title="bbox 925 1889 1691 2928">
    <p class='ocr_par' dir='ltr' id='par_1_21' title="bbox 925 1889 1680 2077">
     <span class='ocr_line' id='line_1_57' title="bbox 977 1889 1680 1935; baseline 0.003 -11"><span class='ocrx_word' id='word_1_330' title='bbox 977 1889 1043 1925; x_wconf 81' lang='lat'>24.</span> <span class='ocrx_word' id='word_1_331' title='bbox 1089 1893 1120 1926; x_wconf 80' lang='lat'>2.</span> <span class='ocrx_word' id='word_1_332' title='bbox 1159 1889 1305 1934; x_wconf 87' lang='lat' dir='ltr'>Wegcn</span> <span class='ocrx_word' id='word_1_333' title='bbox 1342 1889 1408 1925; x_wconf 91' lang='lat' dir='ltr'>der</span> <span class='ocrx_word' id='word_1_334' title='bbox 1444 1890 1598 1935; x_wconf 82' lang='lat' dir='ltr'>Pr&#39;apos.</span> <span class='ocrx_word' id='word_1_335' title='bbox 1635 1891 1680 1926; x_wconf 86' lang='lat' dir='ltr'>in</span> 
     </span>
     <span class='ocr_line' id='line_1_58' title="bbox 930 1937 1679 1982; baseline 0.001 -10"><span class='ocrx_word' id='word_1_336' title='bbox 930 1937 1006 1982; x_wconf 87' lang='lat' dir='ltr'>vgl.</span> <span class='ocrx_word' id='word_1_337' title='bbox 1036 1940 1091 1981; x_wconf 88' lang='lat'>13,</span> <span class='ocrx_word' id='word_1_338' title='bbox 1118 1940 1163 1972; x_wconf 89' lang='lat'>41</span> <span class='ocrx_word' id='word_1_339' title='bbox 1191 1938 1338 1982; x_wconf 77' lang='lat' dir='ltr'>aliaque</span> <span class='ocrx_word' id='word_1_340' title='bbox 1361 1937 1404 1972; x_wconf 88' lang='lat' dir='ltr'>in</span> <span class='ocrx_word' id='word_1_341' title='bbox 1428 1938 1578 1973; x_wconf 88' lang='lat' dir='ltr'>eandem</span> <span class='ocrx_word' id='word_1_342' title='bbox 1602 1938 1679 1982; x_wconf 83' lang='lat' dir='ltr'>for-</span> 
     </span>
     <span class='ocr_line' id='line_1_59' title="bbox 929 1985 1680 2030; baseline 0.001 -11"><span class='ocrx_word' id='word_1_343' title='bbox 929 1995 1026 2020; x_wconf 86' lang='lat' dir='ltr'>mam</span> <span class='ocrx_word' id='word_1_344' title='bbox 1050 1985 1305 2020; x_wconf 85' lang='lat' dir='ltr'>decernuntur.</span> <span class='ocrx_word' id='word_1_345' title='bbox 1344 1988 1400 2030; x_wconf 85' lang='lat'>16,</span> <span class='ocrx_word' id='word_1_346' title='bbox 1422 1988 1440 2020; x_wconf 93' lang='lat'>1</span> <span class='ocrx_word' id='word_1_347' title='bbox 1461 1985 1504 2020; x_wconf 85' lang='lat' dir='ltr'>in</span> <span class='ocrx_word' id='word_1_348' title='bbox 1521 1985 1680 2029; x_wconf 81' lang='lat' dir='ltr'>formam</span> 
     </span>
     <span class='ocr_line' id='line_1_60' title="bbox 925 2042 1116 2077; baseline 0.005 -10"><span class='ocrx_word' id='word_1_349' title='bbox 925 2042 1116 2077; x_wconf 77' lang='lat' dir='ltr'>pecuniae.</span> 
     </span>
    </p>

    <p class='ocr_par' dir='ltr' id='par_1_22' title="bbox 930 2078 1682 2218">
     <span class='ocr_line' id='line_1_61' title="bbox 981 2078 1682 2124; baseline 0.001 -10"><span class='ocrx_word' id='word_1_350' title='bbox 981 2083 1012 2114; x_wconf 90' lang='lat'>3.</span> <span class='ocrx_word' id='word_1_351' title='bbox 1045 2089 1155 2124; x_wconf 65' lang='lat' dir='ltr'>super</span> <span class='ocrx_word' id='word_1_352' title='bbox 1184 2079 1256 2114; x_wconf 90' lang='lat' dir='ltr'>mit</span> <span class='ocrx_word' id='word_1_353' title='bbox 1279 2078 1364 2114; x_wconf 91' lang='lat' dir='ltr'>Abl.</span> <span class='ocrx_word' id='word_1_354' title='bbox 1397 2079 1552 2124; x_wconf 88' lang='lat' dir='ltr'>gerund.</span> <span class='ocrx_word' id='word_1_355' title='bbox 1581 2080 1682 2115; x_wconf 83' lang='lat' dir='ltr'>nach</span> 
     </span>
     <span class='ocr_line' id='line_1_62' title="bbox 930 2125 1681 2173; baseline 0.004 -13"><span class='ocrx_word' id='word_1_356' title='bbox 930 2125 1020 2162; x_wconf 91' lang='lat' dir='ltr'>Hor.</span> <span class='ocrx_word' id='word_1_357' title='bbox 1049 2137 1162 2163; x_wconf 90' lang='lat' dir='ltr'>carm.</span> <span class='ocrx_word' id='word_1_358' title='bbox 1189 2136 1285 2162; x_wconf 87' lang='lat' dir='ltr'>saec.</span> <span class='ocrx_word' id='word_1_359' title='bbox 1304 2130 1347 2162; x_wconf 88' lang='lat'>18</span> <span class='ocrx_word' id='word_1_360' title='bbox 1374 2137 1484 2171; x_wconf 79' lang='lat' dir='ltr'>super</span> <span class='ocrx_word' id='word_1_361' title='bbox 1501 2127 1681 2173; x_wconf 72' lang='lat' dir='ltr'>iuyandis</span> 
     </span>
     <span class='ocr_line' id='line_1_63' title="bbox 930 2173 1386 2218; baseline 0.002 -10"><span class='ocrx_word' id='word_1_362' title='bbox 930 2174 1095 2218; x_wconf 80' lang='lat' dir='ltr'>feminis,</span> <span class='ocrx_word' id='word_1_363' title='bbox 1121 2174 1247 2209; x_wconf 77' lang='lat' dir='ltr'>frfiher</span> <span class='ocrx_word' id='word_1_364' title='bbox 1271 2173 1386 2210; x_wconf 91' lang='lat' dir='ltr'>nicht.</span> 
     </span>
    </p>

    <p class='ocr_par' dir='ltr' id='par_1_23' title="bbox 931 2221 1685 2644">
     <span class='ocr_line' id='line_1_64' title="bbox 979 2221 1679 2267; baseline 0.001 -11"><span class='ocrx_word' id='word_1_365' title='bbox 979 2224 1012 2258; x_wconf 93' lang='grc'>8.</span> <span class='ocrx_word' id='word_1_366' title='bbox 1038 2222 1321 2267; x_wconf 75' lang='lat' dir='ltr'>experimentum</span> <span class='ocrx_word' id='word_1_367' title='bbox 1344 2221 1537 2265; x_wconf 83' lang='lat' dir='ltr'>‚,Beweis“</span> <span class='ocrx_word' id='word_1_368' title='bbox 1561 2222 1679 2257; x_wconf 89' lang='lat' dir='ltr'>durch</span> 
     </span>
     <span class='ocr_line' id='line_1_65' title="bbox 932 2267 1682 2314; baseline 0.001 -11"><span class='ocrx_word' id='word_1_369' title='bbox 932 2267 993 2303; x_wconf 87' lang='lat' dir='ltr'>die</span> <span class='ocrx_word' id='word_1_370' title='bbox 1018 2268 1135 2313; x_wconf 86' lang='lat' dir='ltr'>That,</span> <span class='ocrx_word' id='word_1_371' title='bbox 1167 2268 1238 2303; x_wconf 87' lang='lat' dir='ltr'>wie</span> <span class='ocrx_word' id='word_1_372' title='bbox 1272 2272 1328 2314; x_wconf 91' lang='lat'>13,</span> <span class='ocrx_word' id='word_1_373' title='bbox 1354 2272 1401 2303; x_wconf 80' lang='lat'>24</span> <span class='ocrx_word' id='word_1_374' title='bbox 1426 2269 1548 2313; x_wconf 77' lang='lat' dir='ltr'>plebes</span> <span class='ocrx_word' id='word_1_375' title='bbox 1575 2269 1682 2305; x_wconf 85' lang='lat' dir='ltr'>daret</span> 
     </span>
     <span class='ocr_line' id='line_1_66' title="bbox 933 2317 1680 2371; baseline 0.001 -20"><span class='ocrx_word' id='word_1_376' title='bbox 933 2317 1217 2371; x_wconf 77' lang='lat' dir='ltr'>experimentum</span> <span class='ocrx_word' id='word_1_377' title='bbox 1236 2327 1287 2351; x_wconf 86' lang='lat' dir='ltr'>an</span> <span class='ocrx_word' id='word_1_378' title='bbox 1306 2337 1351 2341; x_wconf 97' lang='lat'><strong>—</strong></span> <span class='ocrx_word' id='word_1_379' title='bbox 1370 2317 1582 2352; x_wconf 84' lang='lat' dir='ltr'>modestiam</span> <span class='ocrx_word' id='word_1_380' title='bbox 1594 2317 1680 2352; x_wconf 86' lang='lat' dir='ltr'>reti-</span> 
     </span>
     <span class='ocr_line' id='line_1_67' title="bbox 932 2364 1681 2408; baseline 0.001 -10"><span class='ocrx_word' id='word_1_381' title='bbox 932 2366 1043 2399; x_wconf 85' lang='lat' dir='ltr'>neret.</span> <span class='ocrx_word' id='word_1_382' title='bbox 1065 2384 1109 2389; x_wconf 90' lang='lat'>—</span> <span class='ocrx_word' id='word_1_383' title='bbox 1130 2364 1341 2408; x_wconf 74' lang='lat' dir='ltr'>accipiendo</span> <span class='ocrx_word' id='word_1_384' title='bbox 1367 2364 1577 2399; x_wconf 81' lang='lat' dir='ltr'>diademati.</span> <span class='ocrx_word' id='word_1_385' title='bbox 1605 2364 1681 2399; x_wconf 86' lang='lat' dir='ltr'>Der</span> 
     </span>
     <span class='ocr_line' id='line_1_68' title="bbox 933 2410 1691 2446; baseline 0 -1"><span class='ocrx_word' id='word_1_386' title='bbox 933 2410 1048 2445; x_wconf 84' lang='lat' dir='ltr'>Dativ</span> <span class='ocrx_word' id='word_1_387' title='bbox 1074 2410 1139 2446; x_wconf 88' lang='lat' dir='ltr'>des</span> <span class='ocrx_word' id='word_1_388' title='bbox 1165 2410 1437 2446; x_wconf 85' lang='lat' dir='ltr'>Gerundivums</span> <span class='ocrx_word' id='word_1_389' title='bbox 1463 2411 1525 2446; x_wconf 89' lang='lat' dir='ltr'>bei</span> <span class='ocrx_word' id='word_1_390' title='bbox 1546 2410 1691 2446; x_wconf 85' lang='lat' dir='ltr'>Verbis.</span> 
     </span>
     <span class='ocr_line' id='line_1_69' title="bbox 933 2457 1684 2503; baseline 0.003 -12"><span class='ocrx_word' id='word_1_391' title='bbox 933 2457 1000 2492; x_wconf 88' lang='lat' dir='ltr'>der</span> <span class='ocrx_word' id='word_1_392' title='bbox 1018 2457 1233 2503; x_wconf 84' lang='lat' dir='ltr'>Bewegung</span> <span class='ocrx_word' id='word_1_393' title='bbox 1257 2457 1328 2492; x_wconf 87' lang='lat' dir='ltr'>wie</span> <span class='ocrx_word' id='word_1_394' title='bbox 1355 2462 1388 2502; x_wconf 86' lang='lat'>6,</span> <span class='ocrx_word' id='word_1_395' title='bbox 1407 2461 1453 2492; x_wconf 87' lang='grc'>43</span> <span class='ocrx_word' id='word_1_396' title='bbox 1476 2457 1684 2493; x_wconf 80' lang='lat' dir='ltr'>reddendae</span> 
     </span>
     <span class='ocr_line' id='line_1_70' title="bbox 933 2504 1685 2540; baseline 0 0"><span class='ocrx_word' id='word_1_397' title='bbox 933 2505 1180 2540; x_wconf 77' lang='lat' dir='ltr'>dominationi</span> <span class='ocrx_word' id='word_1_398' title='bbox 1208 2505 1355 2540; x_wconf 83' lang='lat' dir='ltr'>venisse.</span> <span class='ocrx_word' id='word_1_399' title='bbox 1410 2504 1558 2540; x_wconf 85' lang='lat' dir='ltr'>Ebenso</span> <span class='ocrx_word' id='word_1_400' title='bbox 1589 2504 1685 2540; x_wconf 85' lang='lat' dir='ltr'>kon—</span> 
     </span>
     <span class='ocr_line' id='line_1_71' title="bbox 934 2551 1680 2597; baseline 0.001 -11"><span class='ocrx_word' id='word_1_401' title='bbox 934 2551 1088 2587; x_wconf 86' lang='lat' dir='ltr'>struiert</span> <span class='ocrx_word' id='word_1_402' title='bbox 1114 2551 1266 2587; x_wconf 82' lang='lat' dir='ltr'>Tacitus</span> <span class='ocrx_word' id='word_1_403' title='bbox 1290 2552 1422 2596; x_wconf 75' lang='lat' dir='ltr'>vayari</span> <span class='ocrx_word' id='word_1_404' title='bbox 1446 2555 1480 2594; x_wconf 90' lang='lat'>3,</span> <span class='ocrx_word' id='word_1_405' title='bbox 1507 2555 1563 2587; x_wconf 88' lang='grc'>39.</span> <span class='ocrx_word' id='word_1_406' title='bbox 1594 2563 1680 2597; x_wconf 77' lang='lat' dir='ltr'>per-</span> 
     </span>
     <span class='ocr_line' id='line_1_72' title="bbox 931 2599 1527 2644; baseline -0.002 -10"><span class='ocrx_word' id='word_1_407' title='bbox 931 2609 1013 2644; x_wconf 73' lang='lat' dir='ltr'>yere</span> <span class='ocrx_word' id='word_1_408' title='bbox 1039 2602 1095 2642; x_wconf 84' lang='lat'>12,</span> <span class='ocrx_word' id='word_1_409' title='bbox 1122 2602 1178 2635; x_wconf 89' lang='lat'>66</span> <span class='ocrx_word' id='word_1_410' title='bbox 1217 2599 1362 2644; x_wconf 74' lang='lat' dir='ltr'>diyredi</span> <span class='ocrx_word' id='word_1_411' title='bbox 1389 2602 1443 2643; x_wconf 89' lang='lat'>11,</span> <span class='ocrx_word' id='word_1_412' title='bbox 1471 2602 1527 2635; x_wconf 81' lang='lat'>32.</span> 
     </span>
    </p>

    <p class='ocr_par' dir='ltr' id='par_1_24' title="bbox 934 2646 1683 2928">
     <span class='ocr_line' id='line_1_73' title="bbox 982 2646 1681 2691; baseline 0 -10"><span class='ocrx_word' id='word_1_413' title='bbox 982 2649 1039 2681; x_wconf 92' lang='grc'>10.</span> <span class='ocrx_word' id='word_1_414' title='bbox 1072 2646 1123 2681; x_wconf 88' lang='lat' dir='ltr'>ad</span> <span class='ocrx_word' id='word_1_415' title='bbox 1152 2646 1260 2691; x_wconf 74' lang='lat' dir='ltr'>siyna</span> <span class='ocrx_word' id='word_1_416' title='bbox 1291 2650 1324 2681; x_wconf 82' lang='lat' dir='ltr'>et</span> <span class='ocrx_word' id='word_1_417' title='bbox 1347 2646 1501 2691; x_wconf 73' lang='lat' dir='ltr'>effiyies,</span> <span class='ocrx_word' id='word_1_418' title='bbox 1533 2646 1610 2682; x_wconf 87' lang='lat' dir='ltr'>also</span> <span class='ocrx_word' id='word_1_419' title='bbox 1636 2658 1681 2681; x_wconf 89' lang='lat' dir='ltr'>zu</span> 
     </span>
     <span class='ocr_line' id='line_1_74' title="bbox 934 2692 1683 2729; baseline 0.003 -2"><span class='ocrx_word' id='word_1_420' title='bbox 934 2692 1056 2728; x_wconf 89' lang='lat' dir='ltr'>einem</span> <span class='ocrx_word' id='word_1_421' title='bbox 1075 2693 1286 2728; x_wconf 75' lang='lat' dir='ltr'>romischen</span> <span class='ocrx_word' id='word_1_422' title='bbox 1303 2693 1452 2728; x_wconf 87' lang='lat' dir='ltr'>Heere</span> <span class='ocrx_word' id='word_1_423' title='bbox 1441 2705 1480 2727; x_wconf 92' lang='lat' dir='ltr'>1n</span> <span class='ocrx_word' id='word_1_424' title='bbox 1494 2693 1561 2728; x_wconf 90' lang='lat' dir='ltr'>der</span> <span class='ocrx_word' id='word_1_425' title='bbox 1571 2693 1683 2729; x_wconf 80' lang='lat' dir='ltr'>Nahe</span> 
     </span>
     <span class='ocr_line' id='line_1_75' title="bbox 934 2739 1681 2776; baseline 0.003 -2"><span class='ocrx_word' id='word_1_426' title='bbox 934 2739 1165 2775; x_wconf 80' lang='lat' dir='ltr'>Armeniens.</span> <span class='ocrx_word' id='word_1_427' title='bbox 1218 2739 1295 2775; x_wconf 86' lang='lat' dir='ltr'>Vor</span> <span class='ocrx_word' id='word_1_428' title='bbox 1329 2740 1402 2776; x_wconf 90' lang='lat' dir='ltr'>den</span> <span class='ocrx_word' id='word_1_429' title='bbox 1432 2740 1681 2776; x_wconf 87' lang='lat' dir='ltr'>Feldzeichen</span> 
     </span>
     <span class='ocr_line' id='line_1_76' title="bbox 935 2787 1681 2824; baseline 0 -2"><span class='ocrx_word' id='word_1_430' title='bbox 935 2787 1063 2822; x_wconf 86' lang='lat' dir='ltr'>wollte</span> <span class='ocrx_word' id='word_1_431' title='bbox 1096 2798 1135 2822; x_wconf 92' lang='lat' dir='ltr'>er</span> <span class='ocrx_word' id='word_1_432' title='bbox 1167 2787 1359 2823; x_wconf 71' lang='lat' dir='ltr'>schworen</span> <span class='ocrx_word' id='word_1_433' title='bbox 1390 2787 1466 2822; x_wconf 91' lang='lat' dir='ltr'>und</span> <span class='ocrx_word' id='word_1_434' title='bbox 1497 2798 1565 2824; x_wconf 86' lang='lat' dir='ltr'>vor</span> <span class='ocrx_word' id='word_1_435' title='bbox 1595 2788 1681 2823; x_wconf 90' lang='lat' dir='ltr'>dem</span> 
     </span>
     <span class='ocr_line' id='line_1_77' title="bbox 935 2833 1683 2871; baseline 0.001 -2"><span class='ocrx_word' id='word_1_436' title='bbox 935 2833 1121 2870; x_wconf 85' lang='lat' dir='ltr'>Bildnisse</span> <span class='ocrx_word' id='word_1_437' title='bbox 1153 2834 1218 2869; x_wconf 83' lang='lat' dir='ltr'>des</span> <span class='ocrx_word' id='word_1_438' title='bbox 1243 2834 1393 2871; x_wconf 85' lang='lat' dir='ltr'>Kaisers</span> <span class='ocrx_word' id='word_1_439' title='bbox 1424 2834 1586 2871; x_wconf 87' lang='lat' dir='ltr'>knieend</span> <span class='ocrx_word' id='word_1_440' title='bbox 1614 2836 1683 2871; x_wconf 89' lang='lat' dir='ltr'>das</span> 
     </span>
     <span class='ocr_line' id='line_1_78' title="bbox 937 2880 1291 2928; baseline 0.011 -13"><span class='ocrx_word' id='word_1_441' title='bbox 937 2880 1094 2917; x_wconf 87' lang='lat' dir='ltr'>Diadem</span> <span class='ocrx_word' id='word_1_442' title='bbox 1120 2881 1291 2928; x_wconf 86' lang='lat' dir='ltr'>ablegen.</span> 
     </span>
    </p>
   </div>
   <div class='ocr_carea' id='block_1_17' title="bbox 1704 1527 1752 1559">
    <p class='ocr_par' dir='ltr' id='par_1_25' title="bbox 1704 1527 1752 1559">
     <span class='ocr_line' id='line_1_79' title="bbox 1704 1527 1752 1559; baseline 0.021 -1"><span class='ocrx_word' id='word_1_443' title='bbox 1704 1527 1752 1559; x_wconf 85' lang='lat'>10</span> 
     </span>
    </p>
   </div>
  </div>
 </body>
</html>
