1794 3126
545 115 691 151 LIBER
714 113 812 151 XIV.
857 114 960 152 CAP.
987 117 1138 151 52—55.
1540 114 1624 157 159

62 223 226 267 centiae
243 225 345 265 tuae
365 223 568 266 adhibere
586 223 709 279 potui
729 237 856 278 quam
877 222 1031 277 studia,
1049 224 1099 264 ut
1117 222 1178 265 sic
1198 222 1390 278 dixerim,
1408 223 1455 264 in
1472 224 1628 266 umbra

62 283 258 338 educata,
297 285 341 325 et
378 283 533 339 quibus
571 281 782 326 claritudo
813 281 952 336 venit,
990 281 1104 337 quod
1139 282 1339 324 iuventae
1376 285 1475 323 tuae
1514 282 1628 324 rudi-

61 342 218 385 mentis
244 341 431 384 adfuisse
455 343 615 396 videor,
640 341 800 398 grande
820 339 952 383 huius
973 341 1036 383 rei
1060 340 1258 396 pretium.
1299 343 1345 382 at
1362 343 1411 383 tu
1437 341 1624 397 gratiam
1653 351 1696 383 15

61 401 323 457 inmensam,
359 402 630 444 innumeram
666 400 895 456 pecuniam
929 400 1262 455 circumdedisti,
1305 400 1411 442 adeo
1450 403 1500 442 ut
1539 400 1628 455 ple-

59 475 240 517 rumque
270 461 386 503 intra
417 475 486 504 me
522 461 614 515 ipse
645 460 831 502 volvam:
874 473 1030 516 egone,
1068 460 1256 514 equestri
1292 462 1335 501 et
1370 459 1630 515 provinciali

62 521 158 563 loco
200 523 338 575 ortus,
374 520 624 575 proceribus
662 519 850 561 civitatis
889 518 1176 561 adnumeror‘?
1237 519 1351 561 inter
1380 519 1553 561 nobiles
1586 521 1630 560 et

63 580 196 636 longa
221 579 374 622 decora
404 578 694 634 praeferentes
720 579 891 621 novitas
918 593 1014 620 mea
1038 579 1222 620 enituit?
1265 578 1340 620 ubi
1366 580 1434 620 est
1459 579 1628 620 animus

60 639 134 680 ille
166 638 342 681 modicis
374 638 630 680 contentus?
678 638 779 680 talis
815 638 968 680 hortos
1006 637 1166 679 extruit
1204 639 1248 679 et
1283 652 1361 692 per
1390 638 1497 679 haec
1529 637 1627 679 sub·
1654 645 1701 678 20

61 698 229 740 urbana
269 697 429 740 incedit
470 700 514 739 et
554 698 690 739 tantis
729 711 931 753 agrorum
975 698 1144 752 spatiis,
1186 699 1277 739 tam
1319 697 1410 739 lato
1454 697 1629 739 faenore

63 757 296 799 exuberat?
345 771 432 799 una
468 757 659 814 defensip
693 757 895 811 occurrit,
933 756 1048 812 quod
1078 756 1328 799 muneribus
1366 757 1453 799 tuis
1487 756 1627 798 obniti

61 830 148 859 non
179 816 318 858 debui.

182 874 265 918 Sed
294 877 474 931 uterque
505 890 753 918 mensuram
783 875 1060 930 inplevimus,
1099 877 1142 917 et
1172 878 1233 930 tu,
1271 877 1480 931 quantum
1512 875 1627 929 prin·
1642 872 1701 916 54

63 949 163 990 ceps
187 934 377 978 tribuere
403 936 540 978 amico
571 938 729 990 posset,
760 937 804 977 et
829 949 922 991 ego,
954 936 1163 990 quantum
1188 934 1350 976 amicus
1377 949 1402 976 a
1434 933 1629 1001 principe

63 995 274 1049 accipere:
305 996 446 1037 cetera
470 994 678 1038 invidiam
704 998 876 1050 augent.
921 1009 1031 1049 quae
1057 993 1241 1049 quidem,
1272 996 1321 1035 ut
1346 994 1492 1036 omnia
1517 1007 1630 1035 mor-

62 1053 181 1109 talia,
211 1053 326 1096 infra
355 1057 476 1096 tuam
506 1053 849 1110 magnitudinem
873 1054 997 1107 iacet,
1029 1053 1102 1095 sed
1129 1053 1236 1094 mihi
1267 1053 1491 1107 incumbit,
1522 1052 1630 1094 mihi

63 1113 401 1155 subveniendum
434 1115 511 1156 est.
560 1128 643 1168 quo
675 1113 803 1155 modo
841 1114 888 1155 in
919 1113 1077 1155 militia
1108 1115 1183 1154 aut
1217 1113 1287 1154 via
1323 1112 1462 1154 fessus
1496 1111 1629 1154 admi·
1655 1120 1675 1152 5

60 1172 254 1214 niculum
286 1187 469 1227 orarem,
506 1173 568 1215 ita
604 1173 650 1214 in
687 1173 771 1215 hoc
808 1172 962 1215 itinere
999 1173 1114 1214 vitae
1156 1186 1286 1213 senex
1317 1173 1361 1213 et
1398 1171 1628 1214 levissimis

63 1245 233 1287 quoque
259 1231 372 1274 curis
397 1232 536 1287 inpar,
568 1246 666 1274 cum
691 1246 795 1288 opes
821 1246 940 1274 meas
966 1232 1080 1273 ultra
1105 1231 1317 1273 sustinere
1342 1245 1429 1272 non
1454 1231 1630 1285 possim,

62 1291 323 1345 praesidium
342 1293 457 1346 peto.
492 1292 592 1334 iube
610 1306 701 1334 rem
720 1306 798 1347 per
816 1294 1120 1346 procuratores
1140 1294 1238 1333 tuos
1259 1289 1564 1344 administrari,
1583 1290 1631 1331 in

60 1353 182 1392 tuam
210 1350 432 1393 fortunam
462 1351 608 1406 recipi.
656 1365 735 1393 nec
760 1365 828 1393 me
858 1351 905 1393 in
935 1352 1237 1406 paupertatem
1267 1349 1359 1405 ipse
1391 1349 1630 1404 detrudam,

62 1409 136 1451 sed
160 1409 332 1451 traditis
358 1424 540 1465 quorum
564 1410 735 1466 fulgore
759 1410 1070 1478 praestringor,
1101 1409 1214 1464 quod
1243 1409 1452 1463 temporis
1482 1408 1628 1450 horto-

62 1483 158 1510 rum
185 1471 261 1510 aut
285 1469 484 1511 villarum
510 1484 635 1512 curae
661 1470 895 1525 seponitur,
925 1470 971 1511 in
997 1470 1189 1511 animum
1213 1468 1434 1511 revocabo.
1481 1482 1627 1535 super-

63 1530 129 1570 est
158 1528 239 1570 tibi
270 1528 402 1570 robur
431 1531 475 1570 et
504 1531 572 1571 tot
597 1544 679 1597 per
710 1544 846 1571 annos
878 1529 1018 1571 visum
1041 1529 1194 1571 summi
1223 1527 1390 1583 fastigii
1414 1528 1630 1583 regimen:

61 1602 293 1642 possumus
314 1587 502 1630 seniores
522 1589 649 1630 amici
669 1589 856 1644 quietem
874 1602 1110 1643 reposcere.
1141 1587 1223 1629 hoc
1249 1601 1418 1642 quoque
1444 1586 1492 1628 in
1509 1589 1631 1628 tuam

63 1646 247 1702 gloriam
272 1646 412 1701 cedet,
443 1662 515 1689 eos
542 1648 596 1690 ad
621 1662 789 1690 summa
814 1647 978 1689 vexisse
1005 1647 1079 1702 qui
1104 1648 1147 1688 et
1171 1646 1340 1688 modica
1363 1645 1629 1688 tolerarent.²

178 1706 246 1748 Ad
278 1721 386 1761 quae
417 1705 534 1749 Nero
568 1707 629 1749 sic
660 1707 793 1749 ferme
824 1706 1066 1762 respondit:
1098 1705 1236 1762 ‘quod
1266 1705 1501 1747 meditatae
1536 1719 1628 1747 ora·
1646 1703 1703 1747 55

63 1764 174 1807 tioni
215 1769 317 1808 tuae
362 1766 510 1808 statim
554 1781 792 1821 occurram,
835 1766 878 1808 id
920 1766 1106 1821 primum
1148 1765 1213 1807 tui
1250 1765 1439 1807 muneris
1478 1764 1632 1820 habeo,

1655 1418 1699 1450 10

63 1893 117 1928 im
154 1892 329 1939 Singular
372 1906 417 1929 zu
458 1893 605 1929 denken
646 1893 707 1930 ist.
759 1894 808 1929 So

65 1941 161 1976 &fter
184 1941 223 1976 in
248 1941 321 1976 den
345 1941 534 1976 Annalem
567 1945 623 1985 12,
648 1945 694 1976 41
719 1941 809 1977 Bri-

63 1989 237 2024 tannicus
260 1989 302 2023 in
320 1992 530 2033 praetacta,
555 1988 655 2024 Nero
669 1989 809 2024 ‚trium-

58 2035 168 2081 phali
208 2039 300 2071 veste
342 2037 493 2072 travecti
532 2039 630 2071 sunt.
681 2040 714 2081 3,
752 2040 808 2072 62.

881 1893 1059 1929 erdrfickt
1089 1904 1145 1937 er,
1181 1893 1242 1929 ein
1273 1892 1428 1937 Geffihl,
1466 1891 1629 1928 welches

881 1942 932 1976 du
956 1940 1062 1976 nicht
1086 1940 1234 1976 kennst.

932 2004 965 2036 5.
990 2011 1061 2045 quo
1085 2000 1190 2035 modo
1216 2020 1259 2025 —
1285 2000 1340 2035 ita
1369 1999 1465 2034 auch
1492 2002 1548 2043 15,
1574 2002 1632 2034 21.

883 2052 939 2091 16,
967 2052 1010 2083 16
1036 2059 1071 2083 u.
1098 2047 1205 2084 efter.
1251 2047 1373 2083 Schon
1403 2046 1465 2083 bei
1493 2046 1632 2083 Cicero.

66 2087 99 2128 e,
124 2087 182 2119 46.

115 2134 170 2166 13.
209 2131 377 2166 adhibere
413 2131 614 2166 einwirken
650 2131 724 2167 auf.

63 2181 106 2213 ut
134 2179 187 2213 sic
217 2179 373 2214 dixerim
403 2180 497 2214 statt
531 2182 574 2214 ut
603 2179 658 2214 ita
688 2179 809 2214 dicam

63 2226 159 2260 auch
185 2225 272 2261 dial.
299 2230 355 2261 34.
382 2229 439 2261 40.
469 2225 591 2261 Germ.
611 2230 645 2261 2.
677 2226 765 2272 Agr.
786 2231 807 2261 3

64 2276 108 2308 ut
142 2273 199 2308 ita
234 2273 399 2309 dixerim.
448 2272 534 2319 Vgl.
566 2273 661 2309 Einl.
693 2277 724 2316 §-
753 2277 807 2309 16.

116 2324 170 2355 16.
190 2321 388 2365 pecuniam
411 2321 689 2357 circumdedisti.
722 2321 808 2367 Vgl.

66 2380 111 2403 zu
137 2372 193 2413 12,
219 2371 264 2403 25
289 2368 506 2404 Britannici
524 2369 727 2414 pueritiam
751 2379 808 2404 ro-

67 2417 151 2451 bore
163 2416 412 2451 circumdaret.
421 2417 688 2462 —plerumque
701 2416 810 2461 „sehr

67 2463 145 2499 oft“
177 2463 247 2498 wie
273 2466 307 2505 4,
334 2466 390 2498 57.
427 2463 516 2499 dial.
544 2467 588 2499 15
619 2475 710 2509 quas
738 2475 808 2499 me-

68 2511 709 2603 curlri9fffiq2zzffiicaegrqffitzenggziizcffi
734 2559 814 2594 sich

71 2605 139 2641 auf
172 2605 233 2641 die
271 2605 381 2650 lange
414 2604 531 2640 Reihe
567 2617 641 2641 von
670 2606 815 2649 Ahnen,

68 2653 210 2688 welche
235 2653 295 2688 die
314 2652 460 2687 Hauser
478 2652 545 2687 der
563 2652 716 2688 Nobiles
735 2654 814 2688 auf-

70 2700 251 2740 zuweisen
277 2699 400 2735 haben
427 2700 713 2746 (praeferentes).

119 2794 182 2831 54.
216 2799 249 2830 4.
280 2795 384 2838 infra
415 2798 518 2830 tuam
542 2795 607 2829 ctt.
638 2794 673 2830 d.
699 2795 735 2830 h.
768 2795 818 2830 du
871 2828 874 2831 .

72 2842 193 2878 stehst
217 2855 261 2878 zu
290 2843 405 2886 hoch,
436 2842 492 2877 als
524 2841 606 2877 dass
631 2842 697 2877 der
720 2842 818 2877 Neid

72 2889 159 2924 dich
191 2890 378 2926 erreichen
410 2889 567 2934 k6nnte3
598 2889 698 2924 mich
729 2890 819 2925 aber

882 2094 1101 2131 Aurserdem
1132 2095 1200 2130 hat
1231 2094 1384 2130 Tacitus
1422 2105 1493 2139 quo
1526 2095 1632 2131 modo

881 2144 1006 2226 t§wel-ic
1039 2147 1072 2188 4,
1098 2146 1155 2178 35.
1189 2146 1245 2187 16,
1271 2146 1327 2178 31.
1363 2141 1452 2177 dia-l.
1479 2146 1524 2177 36
1555 2141 1632 2176 und

929 2253 985 2284 10.
998 2250 1256 2294 praesti-inger
1274 2248 1325 2284 ist
1337 2259 1410 2284 neu
1423 2248 1518 2284 statt
1531 2248 1630 2284 oculi

880 2297 985 2341 (oder
1032 2297 1128 2332 acies
1176 2297 1374 2340 oculorum)
1420 2296 1625 2341 praestrin-

880 2348 1032 2391 ρωπίαν.

933 2407 988 2439 11.
1015 2404 1057 2439 in
1082 2404 1247 2439 animum
1270 2413 1438 2438 revocare
1470 2402 1634 2445 „wieder

882 2451 950 2487 auf
997 2450 1159 2496 geistige
1207 2450 1501 2495 Besch‘aftigung
1552 2459 1634 2484 ver-

886 2499 1077 2534 wenden“.

936 2562 990 2593 12.
1028 2558 1146 2593 visum
1183 2557 1349 2601 ,‚erlebt“
1390 2556 1470 2591 also
1515 2554 1634 2590 durch

886 2605 1099 2650 Erfahrung
1123 2605 1271 2639 kennen
1296 2603 1452 2649 gelernt.

939 2656 992 2688 14.
1019 2653 1123 2688 cedet.
1155 2651 1242 2697 Vgl.
1269 2651 1369 2686 Curt.
1396 2655 1429 2694 3,
1456 2653 1489 2694 6,
1518 2653 1561 2685 18
1586 2652 1635 2684 te-

888 2701 1036 2735 meritas
1060 2700 1102 2734 in
1125 2699 1281 2744 yloriam
1305 2701 1466 2734 cesserat.
1497 2703 1546 2723 -”-
1575 2707 1634 2732 ve-

887 2748 970 2783 here
994 2748 1087 2782 statt
1111 2747 1250 2790 evehere
1274 2746 1363 2782 oder
1382 2745 1584 2791 provehere.

937 2842 1000 2878 55.
1027 2846 1059 2876 2.
1095 2842 1135 2876 id
1154 2841 1317 2886 primum
1343 2841 1406 2876 ctt.
1438 2839 1529 2884 „das
1553 2850 1635 2874 ver·

891 2889 1012 2925 danke
1042 2888 1104 2923 ich
1134 2900 1202 2924 vor
1232 2888 1333 2924 allen
1363 2887 1456 2931 dir⁴‘,
1494 2887 1635 2933 cigent-
