1774 3100
564 98 760 138 LIBEIN.
811 99 914 137 CAP.
942 104 1095 137 58—60.
1564 101 1620 144 79

168 210 299 253 Fame
331 210 466 253 dediti
497 209 768 266 benigneque
800 208 968 264 excepti
994 207 1186 264 Segestis
1212 209 1413 266 vulgata,
1444 212 1494 251 ut
1526 211 1618 266 qui·
1633 217 1690 261 59

48 271 214 326 busque
253 269 418 312 bellum
458 269 609 311 invitis
646 271 723 311 aut
766 267 1040 323 cupientibus
1082 270 1195 322 erat,
1240 282 1316 323 spe
1360 269 1429 310 vel
1470 268 1619 312 dolore

49 330 269 385 accipitur.

347 327 596 371 Arminium
640 342 770 382 super
811 327 987 369 insitam
1030 327 1288 370 violentiam
1331 329 1456 383 rapta
1501 343 1621 384 uxor,

49 388 267 432 subiectus
300 387 477 430 servitio
510 387 658 430 uxoris
691 389 837 429 uterus
862 386 1114 429 vaecordem
1148 387 1355 443 agebant,
1386 387 1620 430 volitabat·

48 462 130 504 que
172 461 249 502 per
294 445 552 502 Cheruscos,
597 460 718 489 arma
761 446 806 488 in
850 444 1092 501 Segestem,
1139 460 1259 488 arma
1301 446 1348 488 in
1389 445 1656 492 Caesarem5

47 520 241 563 poscens,
283 520 422 562 neque
447 506 619 562 probris
644 504 937 562 temperabat:
964 505 1187 561 egregium
1212 507 1393 561 patrem,
1413 519 1621 562 magnum

46 567 372 622 imperatorem,
420 565 580 608 fortem
629 565 881 619 exercitum,
937 578 1122 620 quorum
1171 567 1240 607 tot
1288 579 1440 607 manus
1489 579 1620 607 unam

49 625 345 667 mulierculam
378 624 611 668 avexerint.
660 624 744 667 sibi
769 626 857 666 tres
888 623 1095 679 legiones,
1121 623 1302 666 totidem
1328 624 1497 680 legatos
1523 638 1623 679 pro-

49 684 265 739 cubuisse3
313 698 403 727 non
453 684 568 726 enim
619 698 664 726 se
707 682 952 738 proditione
1003 697 1143 738 neque
1188 682 1392 725 adversus
1437 683 1622 726 feminas

48 743 269 799 gravidas,
307 742 382 786 sed
418 743 566 798 palam
597 743 802 785 adversus
834 745 1026 784 armatos
1059 742 1223 784 bellum
1254 746 1454 785 tractare.
1505 743 1622 785 cerni
1638 751 1682 784 10

48 802 188 845 adhuc
218 801 532 845 Germanorum
568 803 615 844 in
651 802 759 845 lucis
798 802 925 857 signa
955 800 1173 856 Romana,
1212 816 1322 857 quae
1362 802 1428 844 dis
1466 802 1622 857 patriis

48 861 331 916 suspenderit.

411 862 573 904 coleret
617 860 817 918 Segestes
861 861 1021 903 victam
1075 862 1234 916 ripam,
1283 861 1482 904 redderet
1529 862 1621 904 filio

49 921 338 964 sacerdotium
368 921 613 964 hominum:
645 920 886 963 Germanos
918 934 1157 975 numquam
1189 921 1297 962 satis
1329 923 1621 975 excusaturos,

48 980 162 1037 quod
205 980 319 1022 inter
360 979 510 1023 Albim
555 982 598 1022 et
641 980 842 1022 Rhenum
885 979 1031 1036 virgas
1077 983 1121 1021 et
1166 994 1336 1022 secures
1383 983 1427 1022 et
1469 982 1622 1036 togam

48 1038 248 1083 viderint.

316 1039 413 1082 aliis
453 1039 658 1096 gentibus
696 1039 945 1095 ignorantia
982 1038 1139 1093 imperi
1171 1038 1359 1081 Romani
1397 1039 1622 1095 inexperta
1638 1046 1681 1080 15

49 1112 141 1141 esse
174 1099 402 1155 supplicia,
437 1099 584 1141 nescia
614 1098 798 1154 tributa3
836 1112 946 1153 quae
978 1099 1182 1153 quoniam
1221 1099 1417 1140 exuerint
1446 1099 1623 1141 inritus-

51 1172 133 1213 que
176 1157 422 1200 discesserit
464 1158 539 1200 ille
584 1158 697 1200 inter
733 1157 914 1200 numina
951 1157 1119 1199 dicatus
1158 1157 1402 1212 Augustus,
1439 1158 1515 1200 ille
1555 1157 1624 1200 de-

50 1217 187 1260 lectus
219 1217 436 1271 Tiberius,
472 1232 527 1259 ne
564 1217 812 1273 imperitum
854 1216 1243 1271 adulescentulum,
1282 1231 1336 1259 ne
1368 1217 1623 1260 seditiosum

51 1276 286 1319 exercitum
323 1279 615 1332 pavescerent.
683 1276 720 1318 si
757 1276 947 1331 patriam
983 1279 1185 1330 parentes
1223 1276 1403 1332 antiqua
1442 1276 1625 1318 mallent

51 1350 181 1391 quam
213 1335 411 1378 dominos
446 1338 489 1378 et
521 1335 712 1378 colonias
742 1350 893 1389 novas,
923 1335 1170 1377 Arminium
1201 1336 1347 1391 potius
1380 1335 1546 1392 gloriae
1573 1350 1623 1378 ac
1638 1351 1684 1384 20

49 1394 266 1437 libertatis
307 1409 437 1451 quam
475 1393 699 1450 Segestem
735 1393 980 1450 flagitiosae
1022 1394 1245 1436 servitutis
1284 1394 1436 1437 ducem
1477 1409 1624 1450 seque-

49 1456 208 1496 rentur.

170 1511 340 1556 Conciti
380 1527 457 1568 per
499 1513 607 1556 haee
650 1527 739 1556 non
782 1512 911 1556 modo
953 1511 1162 1555 Cherusci
1208 1512 1283 1555 sed
1327 1513 1624 1556 conterminae
1638 1519 1696 1563 60

51 1574 215 1628 gentes,
235 1574 484 1629 tractusque
502 1572 550 1614 in
576 1572 714 1628 partis
732 1571 1037 1628 Inguiomerus
1057 1570 1245 1614 Arminii
1263 1575 1459 1628 patruus,
1478 1575 1624 1615 vetere

51 1631 166 1688 apud
197 1631 417 1675 Romanos
449 1632 728 1687 auctoritate3
760 1631 872 1674 unde
903 1632 1043 1674 maior
1076 1630 1254 1674 Caesari
1293 1634 1446 1675 metus.
1502 1634 1546 1675 et
1569 1646 1625 1674 ne

52 1690 213 1733 bellum
245 1691 358 1734 mole
390 1705 479 1734 una
510 1692 744 1748 ingrueret,
770 1689 1000 1734 Caecinam
1028 1705 1125 1733 cum
1153 1690 1442 1747 quadraginta
1474 1691 1622 1734 cohor·

100 1841 165 1878 59.
193 1846 224 1878 1.
251 1846 293 1878 ut
316 1843 518 1889 quibusque
536 1845 596 1878 ctt.
621 1842 694 1878 wie
711 1842 800 1888 Agr.

54 1893 99 1926 18
129 1890 262 1934 quibus
305 1891 435 1926 bellum
470 1890 674 1926 volentibus
712 1893 801 1926 erat.

53 1901 151 1972 histq
162 1939 195 1979 3,
222 1941 279 1972 43.
335 1936 466 1972 Dieser
489 1935 622 1981 Dativ‚
655 1937 720 1972 der
745 1937 802 1973 als

55 1982 263 2019 Seltenheit
305 1984 402 2020 auch
443 1984 505 2020 bei
543 1964 685 2019 Sallust
725 1984 803 2019 und

54 2029 180 2066 Livius
206 2031 325 2075 steht,
358 2031 467 2076 entsp
469 2031 569 2066 rieht
594 2031 680 2066 dem
705 2031 800 2077 grie-

57 2077 234 2115 chischen
247 2076 412 2123 θέλοντι,
428 2043 655 2125 βουλομένῳ,
670 2091 804 2114 ακοντι

56 2126 124 2171 μοι’
145 2136 255 2160 εστιν.

103 2176 135 2208 2.
172 2183 235 2218 spe
271 2173 326 2209 vel
361 2173 500 2216 dolore,
538 2172 598 2208 ein
635 2173 805 2208 modaler

55 2218 210 2256 Ablativ
241 2220 338 2256 ohne
369 2219 623 2266 Praposition,
649 2219 718 2255 wie
746 2231 803 2266 cp.

57 2269 102 2303 68
139 2267 294 2303 clamore
331 2271 363 2303 et
405 2268 542 2314 impetu
578 2268 803 2312 circumfun-

57 2315 205 2351 duntur.
259 2318 303 2350 15
328 2318 481 2351 catervis
505 2316 702 2351 decwrrere
754 2314 803 2350 So

57 2362 154 2398 auch
178 2362 218 2397 in
242 2361 316 2398 den
340 2362 548 2398 Historien:
579 2363 704 2398 cuneis
735 2362 803 2408 „in

6 2442 8 2447 ,
57 2407 313 2455 keilffirmiger
337 2408 527 2455 Ordnung‘

106 2460 138 2491 3.
157 2467 267 2502 super
285 2458 379 2492 statt
391 2462 539 2502 praeter
558 2457 658 2492 steht
682 2459 805 2492 zuerst

2 2523 3 2527 =
56 2501 119 2539 bei
143 2503 283 2548 Livius,
308 2504 370 2539 bei
394 2503 479 2539 Tac.
506 2505 613 2541 efter.

0 2559 11 2570 ²
106 2554 138 2586 6.
164 2552 358 2597 eyreyium.
413 2543 513 2588 Uber
545 2551 605 2587 die
631 2551 804 2597 Stellung

7 2621 10 2624 »
59 2597 123 2634 des
147 2598 346 2644 Adjektivs
372 2610 400 2634 s.
426 2611 470 2634 zu
496 2609 553 2644 cp.
579 2603 636 2634 42.

0 2651 17 2654 ”
106 2649 139 2682 8.
165 2646 238 2681 sibi
269 2666 312 2672 —-
338 2647 593 2692 procubuisse,
620 2646 691 2681 wie
715 2646 802 2681 hist.

12 2715 18 2730 ·:
59 2694 99 2736 4,
128 2696 171 2729 17
198 2693 330 2739 quibus
356 2694 510 2739 leyiones
527 2694 802 2739 procubuerint.

118 2750 160 2776 er
195 2741 267 2775 den
307 2740 370 2776 bei
418 2739 571 2776 Tacitus
614 2740 803 2776 beliebten

0 2791 15 2811 ἵ
59 2785 216 2822 Dativus
242 2787 428 2823 commodi
454 2800 480 2823 s.
507 2786 604 2823 Einl.
630 2791 661 2830 ἓ.
689 2791 744 2823 30.

109 2837 163 2870 10.
191 2835 320 2870 bellum
350 2838 529 2878 tractare,
562 2836 658 2871 auch
690 2838 729 2879 6,
760 2838 807 2869 44

60 2881 138 2916 und
158 2881 256 2917 efter
275 2882 385 2927 (nach
396 2882 579 2928 Analogie
598 2893 672 2918 von
691 2893 808 2927 arma,

874 1843 946 1878 tela
981 1845 1155 1887 tractare)
1205 1843 1353 1879 kommt
1402 1844 1519 1880 sehon
1563 1842 1626 1879 bei

874 1889 1000 1925 Livius
1025 1901 1105 1926 vor.

925 1940 979 1972 13.
1017 1938 1276 1982 sacerdotium,
1322 1949 1349 1973 s.
1388 1948 1445 1982 ep.
1487 1940 1543 1972 57.
1578 1957 1626 1963 —

874 1984 1061 2019 hominum
1085 1985 1109 2020 i.
1131 1995 1162 2020 e.
1184 1982 1354 2020 Caesaris
1373 1984 1436 2019 vel
1453 1983 1626 2029 August-i,

875 2031 1117 2074 verachtlich,
1137 2032 1186 2066 da
1202 2031 1263 2067 die
1284 2032 1498 2067 Germanen
1515 2030 1626 2067 keine

875 2077 1079 2114 Menschen
1104 2080 1330 2124 vergottern.

926 2129 983 2161 15.
1017 2126 1229 2171 inexpertus
1258 2126 1468 2172 passivisch
1501 2127 1627 2162 zuerst

876 2172 939 2208 bei
975 2171 1098 2219 virgil
1131 2174 1208 2209 und
1251 2173 1392 2218 Horaz3
1427 2174 1527 2209 dann
1565 2174 1626 2209 bei

876 2218 1003 2255 Livius
1028 2222 1105 2256 und
1132 2220 1183 2267 Sp
1185 2222 1323 2257 atei-en.

926 2271 980 2304 16.
1019 2269 1163 2304 nescius
1200 2269 1252 2304 ist
1287 2268 1470 2304 ebenfalls
1508 2268 1625 2313 passi-

875 2314 982 2350 visch
1013 2316 1237 2361 gebraucht,
1270 2316 1340 2352 wie
1376 2320 1438 2360 16,
1474 2319 1519 2351 14
1550 2315 1626 2350 und

876 2362 992 2398 sehon
1018 2362 1079 2398 bei
1102 2362 1271 2399 Plautus.
1320 2362 1467 2399 Ebenso
1485 2373 1627 2409 qnarus

876 2409 953 2445 und
978 2410 1147 2457 igmarus,
1173 2422 1200 2446 s.
1228 2421 1287 2465 cp:
1312 2414 1344 2446 5.

927 2461 983 2493 17.
1009 2458 1135 2493 dicare
1158 2456 1230 2493 mit
1255 2458 1376 2493 einem
1397 2457 1466 2502 Obj
1470 2456 1536 2492 ekt
1561 2456 1627 2491 der

877 2503 1015 2540 Person
1038 2504 1158 2540 findet
1177 2506 1257 2540 sich
1275 2516 1345 2540 nur
1363 2504 1460 2540 noch
1474 2504 1534 2539 bei
1554 2504 1626 2539 den

876 2551 1011 2587 beiden
1034 2551 1191 2588 Plinius.

923 2598 988 2635 60.
1015 2602 1045 2634 1.
1078 2591 1180 2635 Uber
1203 2610 1280 2635 non
1303 2599 1407 2634 modo
1432 2598 1494 2634 sed
1526 2598 1623 2634 ohne

876 2645 1072 2690 folgendes
1103 2647 1214 2682 etiam
1245 2658 1272 2681 s.
1304 2645 1401 2681 Einl.
1434 2648 1465 2688 ἓ.
1492 2649 1549 2681 67.
1582 2665 1626 2671 -

877 2693 1122 2728 conterminus
1145 2693 1208 2729 bei
1233 2692 1346 2736 Ovid,
1373 2693 1458 2728 dem
1485 2692 1628 2728 alteren

878 2739 1021 2775 Plinius
1046 2740 1121 2775 und
1148 2739 1341 2785 Spateren.

928 2790 960 2822 2.
1012 2786 1225 2833 Inguiomer
1262 2787 1354 2822 wird
1392 2788 1517 2833 spater
1554 2797 1628 2822 von

881 2834 1124 2869 Germanicus
1158 2834 1384 2880 geschlagen
1414 2834 1491 2869 und
1520 2833 1628 2870 flieht

881 2893 924 2916 zu
949 2881 1115 2918 Marbod.
