1812 3112
194 121 249 164 38
624 121 853 158 CORNELII
878 120 1039 158 TACITl
1063 121 1232 158 ANNAL
1237 121 1326 157 IUM

187 229 367 273 saevitia
410 231 543 285 tegat.
619 232 805 272 veterem
850 229 932 272 sibi
977 244 1026 272 ac
1069 229 1239 286 publice
1283 231 1480 284 coeptam
1522 230 1752 273 nobiscum

119 300 162 332 10
189 288 440 344 amicitiam,
479 291 522 330 et
554 288 892 331 subveniendum
924 288 1052 331 sociis
1084 288 1239 331 virium
1271 288 1451 331 aemulis
1484 288 1751 332 cedentibus-

187 362 269 403 que
306 362 383 402 per
419 347 715 390 reverentiam.
778 346 872 390 ideo
911 361 1061 403 regum
1092 347 1250 390 liberos
1284 347 1456 390 obsides
1488 347 1580 390 dari
1610 349 1676 402 ut,
1714 348 1752 390 si

187 406 412 450 domestici
447 406 619 462 imperii
657 405 847 462 taedeat,
886 405 943 448 sit
980 419 1200 462 regressus
1234 406 1288 448 ad
1317 406 1557 461 principem
1589 409 1752 462 patres-

191 480 284 522 que,
316 480 497 521 quorum
528 464 719 507 moribus
752 465 1023 508 adsuefactus
1054 479 1130 507 rex
1160 465 1313 508 melior
1343 465 1662 508 adscisceretur.

122 528 173 570 11
308 524 396 567 Ubi
421 525 527 566 haec
554 526 681 580 atque
707 523 812 566 talia
838 523 1131 580 dissertavere,
1155 524 1310 580 incipit
1333 524 1574 567 orationem
1593 523 1752 567 Caesar

188 583 239 625 de
277 583 453 639 fastigio
491 583 687 626 Romano
722 582 1064 639 Parthorumque
1102 583 1319 638 obsequiis
1359 598 1489 639 seque
1527 583 1625 626 divo
1662 583 1752 626 Au-

186 643 313 698 gusto
352 641 638 697 adaequabat,
676 642 858 697 petitum
899 642 952 684 ab
989 656 1038 685 eo
1070 656 1216 698 regem
1246 642 1454 697 referens,
1492 642 1652 685 omissa
1681 642 1751 684 Ti-

186 701 293 743 berii
330 701 554 757 memoria,
593 715 854 757 quamquam
892 700 928 742 is
967 715 1135 756 quoque
1173 701 1361 744 miserat.
1427 700 1591 743 addidit
1628 715 1750 756 prae-

138 774 158 806 5
185 762 310 814 cepta
353 758 531 814 (etenim
574 760 722 802 aderat
758 759 1069 815 Meherdates),
1111 762 1159 802 ut
1200 774 1288 802 non
1331 759 1667 802 dominationem
1708 761 1752 802 et

184 833 347 873 servos,
396 818 471 861 sed
519 821 730 862 rectorem
774 821 816 861 et
859 819 973 861 cives
1018 818 1249 874 cogitaret,
1299 819 1655 875 clementiamque
1699 832 1749 861 ac

183 877 404 933 iustitiam,
431 880 591 933 quanto
617 878 770 935 ignota
797 877 993 920 barbaris
1018 879 1142 920 tanto
1161 877 1343 920 laetiora
1362 880 1613 933 capesseret.
1645 877 1747 920 hinc

183 950 330 979 versus
370 937 423 979 ad
462 937 629 993 legatos
670 937 843 980 extollit
873 936 1071 979 laudibus
1103 924 1324 979 alumnum
1354 936 1491 992 urbis,
1529 938 1749 992 spectatae

184 995 236 1037 ad
267 995 310 1037 id
344 996 596 1039 modestiae:
628 1010 677 1039 ac
708 998 856 1039 tamen
886 995 1061 1037 ferenda
1091 1009 1243 1051 regum
1267 995 1456 1051 ingenia,
1485 1009 1625 1051 neque
1650 995 1748 1038 usui

114 1068 157 1100 10
184 1054 354 1097 crebras
387 1055 660 1098 mutationes.
717 1069 807 1097 rem
839 1055 1081 1097 Romanam
1111 1054 1195 1097 huc
1227 1054 1426 1097 satietate
1458 1054 1620 1109 gloriae
1650 1068 1748 1109 pro-

183 1116 368 1168 vectam,
411 1116 459 1156 ut
503 1114 687 1171 externis
734 1127 902 1170 quoque
946 1113 1147 1169 gentibus
1192 1114 1380 1169 quietem
1417 1112 1532 1156 velit.
1601 1113 1750 1155 datum

181 1173 365 1227 posthac
391 1171 436 1215 O.
457 1172 621 1229 Cassio,
647 1173 719 1228 qui
746 1172 895 1215 Suriae
920 1174 1132 1228 praeerat,
1156 1171 1361 1215 deducere
1386 1172 1586 1214 iuvenem
1609 1172 1751 1227 ripam

183 1231 237 1273 ad
269 1231 516 1287 Euphratis.

114 1295 168 1337 12
299 1290 365 1332 Ea
396 1292 654 1346 tempestate
682 1289 860 1333 Cassius
886 1293 1052 1333 ceteros
1077 1290 1377 1345 praeminebat
1401 1289 1559 1345 peritia
1583 1289 1748 1356 legum:

180 1363 281 1391 nam
313 1350 520 1392 militares
552 1352 667 1392 artes
698 1364 776 1405 per
801 1350 937 1393 otium
963 1350 1149 1406 ignotae,
1180 1349 1502 1416 industriosque
1529 1349 1604 1390 aut
1627 1348 1750 1403 igna-

180 1421 256 1450 vos
292 1423 378 1463 pax
413 1408 459 1450 in
497 1423 634 1465 aequo
666 1410 797 1451 tenet.
847 1423 896 1451 ac
927 1411 1075 1451 tamen
1107 1410 1319 1464 quantum
1350 1408 1442 1450 sine
1473 1407 1587 1449 bello
1619 1406 1748 1449 daba-

179 1468 261 1523 tur,
291 1481 492 1511 revocare
523 1468 712 1535 priscum
745 1482 921 1522 morem,
953 1468 1187 1510 exercitare
1213 1467 1416 1523 legiones,
1447 1480 1549 1509 cura
1573 1466 1750 1521 provisu

134 1540 154 1572 5
179 1526 356 1580 perinde
401 1540 527 1582 agere
570 1541 619 1569 ac
658 1527 694 1568 si
730 1527 870 1569 hostis
909 1526 1144 1582 ingrueret,
1195 1526 1258 1567 ita
1297 1525 1475 1581 dignum
1511 1524 1747 1566 maioribus

181 1585 269 1626 suis
302 1586 345 1626 et
375 1586 541 1627 familia
574 1583 723 1627 Cassia
753 1588 871 1627 ratus
900 1599 977 1639 per
1007 1585 1105 1626 illas
1139 1598 1307 1639 quoque
1338 1585 1489 1639 gentes
1522 1583 1747 1625 celebrata.

179 1643 313 1699 igitur
349 1644 498 1686 excitis
537 1659 718 1699 quorum
753 1644 803 1686 de
836 1643 1052 1686 sententia
1081 1643 1242 1698 petitus
1274 1656 1366 1697 rex,
1405 1641 1646 1697 positisque
1677 1656 1745 1684 ca-

178 1702 279 1744 stris
325 1703 437 1757 apud
475 1702 682 1758 Zeugma,
726 1701 836 1745 unde
880 1702 1062 1745 maxime
1102 1702 1274 1757 pervius
1314 1701 1472 1757 amnis,
1516 1702 1746 1757 postquam

227 1841 289 1877 11.
337 1845 367 1878 1.
402 1842 614 1886 dissertare,
651 1841 747 1878 auch
781 1845 836 1886 13,
869 1845 926 1877 38.
1047 1841 1109 1878 12.
1151 1845 1181 1876 1.
1208 1840 1438 1886 praeminere
1467 1841 1539 1877 mit
1567 1841 1652 1877 dem
1676 1841 1747 1876 Ac-

179 1888 263 1923 hist.
295 1892 330 1934 4,
356 1893 418 1933 69,
458 1889 510 1925 ist
546 1890 606 1925 ein
641 1888 927 1925 archaistisches
998 1888 1160 1932 eusaffiv,
1194 1887 1264 1923 wie
1296 1892 1330 1932 3,
1357 1892 1401 1924 56
1430 1888 1506 1924 ιιιιᾱ
1533 1888 1647 1934 oster,
1677 1899 1748 1924 nur

179 1935 298 1979 Wort,
325 1936 442 1972 sehon
466 1936 529 1972 bei
546 1936 700 1972 Plautus
726 1935 802 1971 und.
822 1934 924 1983 Cato.
997 1936 1060 1971 bei
1091 1935 1242 1971 Tacitus
1278 1935 1355 1971 und
1393 1936 1469 1971 erst
1498 1935 1538 1971 in
1569 1935 1642 1971 den
1673 1935 1747 1971 An-

227 1986 260 2018 2.
299 1983 381 2019 Von
411 1985 605 2029 Augustus
636 1994 713 2019 war
737 1983 924 2028 Vonones,
998 1983 1119 2018 nalen.

178 2040 253 2065 von
271 2029 442 2066 Tiberius
460 2031 513 2066 im
531 2030 564 2068 J.
586 2034 630 2067 35
651 2031 774 2066 zuerst
787 2029 926 2065 Phraa-
1043 2033 1077 2066 4.
1111 2021 1212 2065 Uber
1234 2029 1387 2074 provisu
1411 2040 1441 2064 s.
1467 2041 1512 2065 zu
1537 2029 1606 2075 Kp.
1634 2034 1667 2067 6.

179 2077 236 2112 tes
261 2077 338 2112 und
363 2077 459 2113 nach
485 2078 618 2114 dessen
638 2077 741 2114 Tode
766 2077 805 2111 in
825 2077 926 2112 dem·
1045 2079 1078 2113 5.
1098 2076 1254 2122 perinde
1276 2086 1320 2112 ae
1338 2076 1371 2112 si
1388 2087 1460 2111 nur
1477 2076 1559 2112 hier
1574 2076 1653 2111 und
1674 2075 1747 2122 ΚΡ.

181 2123 309 2159 selben
326 2123 440 2160 Jahre
461 2125 647 2161 Tiridates
670 2123 736 2160 auf
753 2124 824 2160 den
843 2135 925 2169 par-
999 2127 1055 2169 60,
1083 2123 1197 2159 sehon
1218 2122 1278 2158 bei
1298 2122 1435 2159 Cicero.
1467 2122 1646 2169 Haufiger
1663 2133 1745 2159 ver-

180 2170 352 2206 thischen
378 2171 502 2207 Thron
527 2172 680 2217 gesetzt.
997 2170 1129 2206 bindet
1161 2169 1311 2206 Tacitus
1335 2170 1491 2216 perinde
1524 2169 1594 2206 mit
1622 2180 1746 2216 quam,

229 2221 260 2253 7.
304 2218 441 2263 ignota.
491 2218 560 2254 Die
594 2217 801 2254 Handschr.
840 2218 926 2253 liest
999 2228 1108 2262 quam
1131 2218 1174 2253 si.
1743 2221 1754 2229 '

181 2264 328 2309 iynata,
360 2276 436 2300 was
470 2265 657 2302 enssweder
684 2266 812 2309 iynota
837 2265 927 2300 oder
1046 2274 1078 2306 6,
1105 2270 1212 2306 Nach
1233 2270 1298 2305 der
1314 2280 1400 2315 qens
1421 2269 1554 2306 Cassia
1578 2269 1663 2305 sind
1679 2280 1746 2305 na-

179 2321 316 2400 gnara
352 2311 587 2358 (passivisch)
623 2312 812 2348 bedenten
843 2311 924 2348 soll.
997 2317 1178 2353 mentlich
1211 2316 1378 2352 mehrere
1405 2316 1562 2352 Gesetze
1593 2327 1660 2352 aus
1690 2327 1746 2352 re-

215 2364 279 2400 ber
316 2364 390 2399 den
418 2364 562 2400 Positiv
598 2364 696 2400 nach
726 2367 863 2410 quanto
896 2376 924 2402 s.
999 2363 1306 2409 publikanischer
1348 2363 1430 2400 Zeit
1478 2364 1654 2399 benannt.
1699 2382 1744 2390 -·

179 2411 274 2448 Einl.
302 2414 321 2454 ἓ
348 2415 404 2455 97,
430 2411 466 2448 b.
999 2411 1107 2447 Nach
1132 2411 1217 2446 dem
1242 2410 1459 2456 Untergang
1461 2421 1481 2446 e
1507 2410 1571 2446 des
1591 2409 1744 2446 Crassus

226 2462 260 2494 8.
298 2459 348 2494 ad
381 2459 421 2494 id
452 2457 532 2503 „bis
563 2458 712 2503 dahin‘g
738 2470 806 2493 nur
830 2458 927 2494 noch
999 2458 1051 2494 im
1076 2457 1110 2494 J
1138 2462 1182 2493 53
1207 2458 1344 2494 rettete
1370 2457 1410 2493 C.
1433 2456 1578 2493 Cassius
1604 2457 1746 2502 (spater

179 2507 250 2551 ΚΡ.
278 2510 322 2542 38
348 2506 538 2550 prosperis
562 2506 611 2541 ad
635 2506 676 2541 id
700 2505 807 2541 rebus
831 2506 928 2548 eius;
999 2516 1121 2551 gegen
1135 2505 1272 2541 Caesar
1284 2505 1554 2549 verschworen)
1568 2503 1641 2539 den
1652 2503 1746 2540 Rest

182 2553 278 2589 auch
307 2552 370 2588 bei
393 2552 532 2589 Livius.
585 2552 720 2588 Caesar
751 2554 836 2598 sagt
864 2552 926 2588 da·
1000 2551 1065 2588 des
1096 2552 1233 2588 Heeres
1271 2551 1348 2587 und
1378 2551 1544 2588 schiitzte
1576 2549 1632 2586 bis
1661 2562 1744 2587 zum

180 2600 241 2636 fur
266 2600 316 2635 ad
339 2600 380 2635 id
405 2603 554 2646 tempus.
1000 2599 1033 2634 J.
1055 2602 1099 2635 51
1122 2598 1253 2644 Syrien
1276 2609 1397 2645 gegen
1418 2598 1478 2634 die
1495 2595 1658 2633 Einfissle
1678 2597 1745 2633 der

230 2657 284 2688 12.
330 2652 368 2687 C.
410 2651 573 2697 Cassius,
613 2652 745 2688 dessen
785 2652 926 2688 Bruder
998 2646 1166 2682 Parffier-

182 2699 317 2735 Lucius
355 2710 428 2735 von
459 2699 631 2745 Caligula
662 2701 807 2745 getotet
837 2707 926 2744 war,
1046 2701 1079 2734 8.
1119 2699 1301 2745 Zeugma,
1333 2708 1407 2734 von
1431 2697 1606 2733 Seleucus
1631 2697 1743 2734 Nica-

182 2745 233 2780 ist
270 2746 340 2781 seit
377 2749 421 2782 45
454 2746 655 2792 Propi-ator
691 2758 763 2783 von
796 2746 927 2792 Syrien
998 2746 1058 2782 tor
1076 2745 1297 2791 gem-findet,
1318 2745 1382 2789 lag
1400 2755 1462 2780 am
1480 2744 1633 2780 rechten
1653 2744 1744 2781 Ufer

181 2792 258 2827 und
277 2793 369 2828 wird
393 2796 436 2828 65
458 2804 530 2829 von
549 2794 649 2829 Nero
668 2794 926 2830 verbannt.-—
1000 2792 1063 2828 des
1109 2793 1300 2828 mittleren
1340 2790 1526 2836 Euphrat,
1575 2791 1744 2845 Apamea

181 2839 354 2874 deducere
389 2840 485 2875 nach
523 2841 667 2884 datum,
706 2840 776 2876 wie
815 2845 847 2885 6,
883 2843 925 2875 12
999 2839 1221 2884 gegenuber.
1270 2839 1363 2874 Dort
1394 2817 1532 2874 befand
1556 2837 1635 2873 sich
1659 2838 1743 2875 eine

181 2885 334 2930 datoque
358 2887 498 2931 neyotio
524 2898 607 2923 vera
631 2888 841 2924 discernere.
1001 2885 1285 2922 Schiffsbrficke.
