1820 3100
220 85 308 128 222
652 84 882 122 OORNELH
906 85 1072 122 TACITI
1095 85 1358 122 ANNALIUM
1818 84 1820 86 ’

150 203 193 237 16
219 208 330 249 nem,
361 193 610 250 Afranium,
640 194 755 237 hunc
785 194 928 250 ipsum
960 193 1179 249 Cassium,
1208 194 1325 236 hunc
1355 192 1542 237 Brutum
1571 209 1786 250 nusquam

219 253 411 295 latrones
444 256 488 295 et
518 253 772 308 parricidas,
809 268 917 309 quae
947 268 1060 296 nunc
1090 253 1301 296 vocabula
1331 253 1617 309 inponuntur,
1657 267 1784 310 saepe

218 314 269 355 ut
305 312 488 367 insignis
519 312 635 354 viros
671 311 880 355 nominat.
942 311 1084 354 Asinii
1113 311 1325 354 Pollionis
1365 312 1527 368 scripta
1564 312 1788 368 egregiam

220 371 453 413 eorundem
483 371 736 413 memoriam
766 371 961 426 tradunt3
999 370 1203 413 Messalla
1234 370 1444 414 Corvinus
1475 371 1786 426 imperatorem

220 444 346 472 suum
390 428 590 472 Cassium
638 430 916 485 praedicabat
964 431 1008 471 et
1054 432 1235 485 uterque
1279 429 1434 485 opibus
1479 432 1606 485 atque
1653 429 1788 473 hono-

219 488 340 531 ribus
377 489 641 545 perviguere.
713 486 850 531 Marci
884 487 1102 531 Ciceronis
1140 489 1271 544 libro,
1309 503 1392 544 quo
1426 487 1634 531 Catonem
1664 489 1786 532 caelo

220 548 440 603 aequavit,
472 547 574 603 quid
607 547 722 589 aliud
753 547 939 589 dictator
971 546 1129 590 Caesar
1171 562 1301 603 quam
1337 547 1548 603 rescripta
1580 547 1788 604 oratione,

218 606 338 649 velut
369 606 482 662 apud
512 605 693 661 iudices,
735 605 986 660 respondit?
1043 606 1223 648 Antonii
1260 607 1488 662 epistulae,
1524 605 1651 648 Bruti
1688 620 1786 650 con·

218 665 359 708 tiones
391 665 504 707 falsa
537 663 709 720 quidem
734 664 780 705 in
805 664 1052 720 Augustum
1077 665 1250 720 probra,
1283 665 1358 708 sed
1388 665 1525 707 multa
1550 679 1646 707 cum
1673 679 1788 707 acer-

218 724 356 766 bitate
387 724 569 778 habent,
603 722 794 765 carmina
826 722 1023 766 Bibaculi
1055 726 1098 765 et
1130 722 1290 766 Catulli
1320 723 1483 766 referta
1512 724 1788 767 contumeliis

221 781 455 825 Caesarum
487 782 702 837 leguntur,
728 782 803 823 sed
833 782 927 837 ipse
959 782 1083 824 divus
1108 781 1256 834 Iulius,
1286 782 1380 837 ipse
1413 783 1534 825 divus
1559 781 1785 838 Augustus

220 843 264 883 et
294 842 430 883 tulere
462 841 547 883 ista
586 843 629 882 et
668 840 898 895 reliquere,
935 841 1053 899 haud
1092 841 1219 883 facile
1262 841 1460 896 dixerim,
1490 842 1786 884 moderatione

219 899 362 956 magis
406 915 462 941 an
503 899 726 954 sapientia.
798 914 986 954 namque
1031 902 1178 955 spreta
1215 901 1480 943 exolescunt:
1518 900 1556 942 si
1586 901 1790 955 irascare,

221 959 401 1015 adgnita
431 956 660 1001 videntur?

339 1016 454 1059 ‘Non
486 1017 655 1072 attingo
687 1015 894 1072 Graecos,
927 1031 1112 1072 quorum
1143 1031 1231 1059 non
1262 1017 1390 1059 modo
1422 1017 1621 1072 libertas,
1653 1018 1786 1060 etiam

215 1076 351 1119 libido
393 1076 626 1131 impunita,
669 1077 744 1117 aut
786 1076 823 1117 si
862 1076 957 1131 quis
1000 1076 1203 1130 advertit,
1248 1075 1374 1118 dictis
1407 1076 1521 1118 dicta
1556 1076 1674 1118 ultus
1706 1077 1784 1119 est.

218 1135 292 1178 sed
329 1135 514 1178 maxime
553 1135 740 1177 solutum
773 1137 816 1176 et
848 1135 941 1177 sine
973 1135 1265 1177 obtrectatore
1300 1134 1385 1177 fuit
1422 1134 1604 1190 prodere
1635 1134 1686 1176 de
1717 1134 1785 1190 iis,

217 1209 326 1250 quos
370 1209 486 1236 mors
532 1193 631 1236 odio
675 1195 751 1235 aut
787 1194 955 1248 gratiae
997 1194 1234 1236 exemisset.
1308 1208 1414 1235 num
1451 1194 1566 1236 enim
1604 1193 1784 1236 armatis

170 1263 192 1296 5
219 1252 370 1296 Cassio
415 1255 458 1295 et
500 1251 637 1295 Bruto
682 1267 732 1294 ac
775 1251 1079 1308 Philippenses
1123 1266 1299 1307 campos
1345 1252 1642 1295 obtinentibus
1679 1251 1785 1295 belli

218 1312 358 1355 civilis
391 1326 521 1354 causa
561 1311 768 1367 populum
799 1326 877 1366 per
908 1312 1131 1354 contiones
1170 1311 1382 1354 incendo?
1427 1326 1483 1354 an
1513 1311 1580 1353 illi
1611 1310 1786 1366 quidem

217 1370 615 1427 septuagensimum
648 1372 749 1412 ante
782 1385 941 1412 annum
972 1371 1204 1426 perempti,
1237 1385 1322 1426 quo
1362 1370 1490 1413 modo
1520 1369 1785 1425 imaginibus

218 1430 307 1472 suis
344 1431 603 1484 noscuntur,
648 1443 755 1485 quas
793 1443 847 1471 ne
884 1430 1023 1472 victor
1061 1429 1235 1485 quidem
1273 1429 1480 1484 abolevit,
1518 1428 1579 1471 sic
1616 1431 1786 1484 partem

217 1489 448 1531 memoriae
475 1488 588 1542 apud
614 1488 847 1543 scriptores
872 1489 1092 1530 retinent?
1125 1503 1249 1530 suum
1270 1489 1422 1543 cuique
1449 1488 1575 1530 decus
1600 1488 1785 1542 posteri-

217 1550 285 1589 tas
317 1547 532 1602 rependit3
563 1561 642 1588 nec
674 1547 864 1602 deerunt,
895 1547 933 1588 si
965 1547 1187 1589 damnatio
1220 1547 1397 1603 ingruit,
1429 1547 1502 1602 qui
1540 1560 1626 1588 non
1656 1545 1787 1588 modo

217 1605 358 1649 Cassii
398 1608 441 1647 et
478 1605 616 1659 Bruti,
661 1605 732 1646 sed
768 1605 900 1647 etiam
938 1606 1024 1647 mei
1068 1604 1371 1647 meminerint.³
1441 1619 1639 1661 egressus
1685 1604 1785 1646 dein

219 1667 371 1707 senatu
397 1664 532 1707 vitam
564 1663 828 1706 abstinentia
860 1664 1012 1706 finivit.
1068 1664 1204 1706 libros
1236 1678 1313 1719 per
1347 1663 1506 1706 aediles
1533 1663 1787 1706 cremandos

148 498 194 532 20

148 793 193 826 25

146 1017 204 1060 35

147 1557 192 1590 10

267 1819 323 1851 17.
373 1815 493 1851 Pollio
518 1814 595 1849 und
621 1814 799 1850 Corvinus
829 1815 963 1851 hatten

218 1862 278 1898 die
303 1861 576 1907 Bfirgerkriege
601 1861 853 1897 beschrieben.

264 1913 321 1946 20.
363 1909 551 1954 perviyere
574 1908 626 1943 ist
650 1905 715 1944 ἅπ.
737 1907 804 1954 elo.

264 1959 321 1992 21.
366 1957 523 1992 dictator
544 1955 687 1991 Caesar.
727 1956 872 2001 Wegen
898 1956 965 1991 der

216 2002 491 2048 Wortstellung
530 2015 557 2038 s.
595 2015 641 2037 zu
678 2006 717 2047 3,
755 2005 800 2038 59
844 2013 965 2048 auywr

216 2051 405 2086 Lentulus.
440 2070 489 2076 —-
530 2049 599 2085 Die
635 2049 848 2085 Lobschrift
898 2049 964 2085 des

217 2096 345 2133 Cicero
378 2096 446 2132 auf
473 2097 546 2132 den
571 2096 757 2142 jungeren
784 2096 875 2132 Cato
901 2097 963 2132 be-

217 2145 439 2179 antwortete
467 2143 580 2179 Casar
605 2144 720 2179 durch
747 2143 846 2179 scine
873 2143 964 2179 zwei

216 2191 364 2226 Bficher
382 2191 630 2226 Anticatones.
678 2189 783 2226 Alles
809 2190 889 2226 dies
914 2190 965 2226 ist

216 2238 386 2274 verloren
411 2248 621 2282 gegangen.

265 2289 321 2320 22.
366 2283 555 2319 Antonius
579 2285 684 2319 hatte
710 2284 789 2318 ihm
814 2284 964 2320 niedere

215 2331 414 2376 Herkunft,
427 2330 600 2376 Feigheit
617 2331 692 2365 und
711 2330 965 2376 unzsichtigen

216 2378 379 2414 Wandel
403 2378 667 2422 vorgeworfen.

264 2428 321 2461 24.
347 2425 430 2461 Von
445 2425 590 2460 Furius
604 2425 810 2460 Bibaculus
828 2424 964 2460 wissen

215 2473 283 2508 wir
306 2484 393 2516 nur,
421 2472 502 2507 dass
528 2483 579 2517 er,
606 2471 807 2517 angeblich
834 2475 902 2507 103
929 2485 961 2507 v.

217 2518 301 2557 Chr.
314 2520 354 2555 in
374 2519 556 2555 Cremona
575 2518 748 2564 geboren,
770 2518 963 2554 beissende

215 2566 454 2612 Epigramme
504 2565 747 2611 geschrieben
795 2566 872 2601 hat.
919 2586 962 2591 —

218 2613 394 2658 Catullus,
415 2617 459 2649 86
486 2613 525 2648 in
543 2613 691 2648 Verona
716 2613 890 2658 geboren,
916 2616 962 2647 46

217 2661 324 2706 (oder
349 2662 464 2696 sehon
490 2662 551 2705 54)
583 2661 801 2706 gestorben,
827 2660 964 2695 brand—

216 2708 342 2743 markt
378 2708 417 2742 in
450 2707 541 2743 zwei
571 2707 723 2742 kleinen
756 2706 965 2742 Gedichten

217 2756 275 2799 (29
302 2755 378 2790 und
404 2757 462 2800 57)
496 2754 561 2789 das
587 2754 799 2790 Verh‘altnis
833 2753 964 2790 casare

216 2812 261 2835 zu
292 2802 431 2837 seinem
467 2801 678 2847 praefectus
710 2800 857 2836 fabrum
884 2800 964 2835 Ma-

216 2859 350 2882 murra.
403 2848 517 2883 Casar
542 2848 690 2883 verzieh
713 2848 803 2883 ihm.

1084 1815 1147 1850 35.
1176 1819 1205 1851 1.
1238 1824 1314 1850 non
1339 1814 1444 1850 modo
1470 1814 1566 1850 ohne
1589 1812 1787 1859 folgendes

1035 1862 1116 1905 sed,
1154 1861 1213 1896 ein
1238 1861 1459 1906 Asyndeton
1489 1860 1783 1905 adversativum3

1037 1921 1064 1944 s.
1092 1921 1138 1944 zu
1163 1912 1197 1954 3,
1225 1912 1280 1945 19.

1084 1964 1116 1998 2.
1178 1961 1335 1997 advertit
1378 1961 1474 1997 statt
1515 1959 1786 2005 animadvertit,

1033 2009 1201 2054 punivit,
1227 2008 1297 2044 wie
1323 2012 1363 2053 2,
1391 2012 1448 2043 32.
1475 2012 1514 2052 3,
1540 2010 1585 2043 52
1610 2018 1656 2043 ne
1675 2007 1784 2053 prin-

1037 2066 1118 2100 ceps
1142 2056 1274 2091 dwrius
1300 2056 1506 2091 adverteret.
1557 2058 1596 2099 ὅ,
1623 2058 1644 2090 9
1676 2057 1720 2090 ut
1741 2054 1786 2090 in

1035 2103 1195 2148 reliquos
1219 2102 1351 2138 Seiani
1376 2103 1504 2138 liberos
1528 2102 1783 2138 adverteretur.

1034 2150 1091 2186 Ist
1116 2148 1339 2185 Taciteisch.

1083 2207 1116 2238 3.
1165 2203 1323 2238 solutum
1362 2201 1556 2247 ‚,erlaubt‚
1589 2200 1784 2245 strassos“,

1036 2259 1200 2295 genauer
1227 2252 1282 2294 14,
1309 2252 1355 2284 28
1379 2249 1537 2285 solutum
1556 2258 1688 2294 poena.

1020 2320 1024 2325 ·
1086 2306 1117 2337 7.
1184 2301 1532 2347 septuayensimum,
1575 2299 1782 2346 cigentlich

1038 2361 1103 2384 zur
1123 2352 1168 2384 67
1188 2349 1312 2394 Jahre‚
1341 2348 1412 2384 seit
1437 2348 1502 2384 der
1521 2347 1700 2384 Sehlacht
1722 2346 1785 2383 bei

1037 2395 1217 2441 Philippi.

1085 2452 1118 2484 8.
1169 2449 1332 2485 abolevit.
1395 2447 1445 2484 Es
1481 2458 1559 2483 war
1593 2457 1664 2482 nur
1700 2457 1782 2482 ver-

1035 2495 1167 2539 boten,
1203 2495 1303 2530 diese
1336 2494 1463 2530 Bilder
1493 2492 1685 2529 offentlich
1719 2491 1784 2529 bei

1035 2541 1299 2577 Prozessionen
1325 2541 1578 2577 aufzufl'ihren.

1085 2604 1139 2635 10.
1159 2600 1352 2645 rependere
1370 2600 1422 2634 im
1439 2598 1654 2644 tropischen
1667 2587 1782 2635 Sinne

1037 2647 1088 2682 ist
1120 2646 1345 2683 dichterisch
1380 2646 1457 2682 und
1486 2644 1782 2683 nachklassisch.

1087 2708 1142 2741 12.
1193 2706 1303 2741 libros
1336 2716 1403 2750 per
1434 2705 1566 2741 aediles
1602 2707 1661 2740 ctt.
1710 2704 1783 2741 Dio

1039 2756 1097 2798 57,
1122 2755 1169 2788 24
1194 2750 1239 2788 τὰ
1266 2749 1534 2807 συγγράμματα
1554 2748 1670 2787 αὐτοῦ
1697 2749 1782 2787 τότε
1817 2791 1820 2793 .

1038 2797 1106 2845 μὲν
1142 2796 1183 2835 ἐν
1214 2799 1258 2846 τῇ
1295 2800 1403 2834 noi-st
1443 2796 1653 2844 εὑρεθέντα
1688 2795 1782 2844 πρὸς
1815 2845 1820 2848 .

1038 2847 1112 2882 τῶν
1138 2842 1392 2893 ἀγορανόμων
1422 2844 1488 2881 καὶ
1511 2843 1557 2880 zo}
1593 2844 1662 2889 ἔξω
1686 2843 1782 2891 πρὸς
1818 2876 1820 2878 .
