1786 3112
88 368 131 399 10

92 665 134 697 15

95 962 140 994 20

156 127 212 170 88
591 128 819 165 CORNELII
843 128 1005 165 TACITI
1029 129 1289 165 ANNALIUM

157 250 412 293 gressusque
450 237 495 279 in
531 237 718 280 medium
756 239 928 280 cantum
966 238 1150 294 aliquem
1186 238 1410 293 inciperet,
1445 237 1629 280 inrisum
1665 251 1718 280 ex

157 311 207 340 eo
241 310 417 352 sperans
447 297 569 351 pueri
601 297 768 339 sobrios
801 312 968 353 quoque
1001 298 1240 352 convictus,
1270 297 1427 339 nedum
1457 297 1718 340 temulentos

157 356 415 413 ignorantis,
452 355 524 398 ille
562 358 813 398 constanter
850 371 1025 399 exorsus
1063 359 1129 399 est
1160 371 1346 412 carmen,
1385 371 1467 411 quo
1500 356 1720 399 evolutum

158 430 256 459 eum
300 415 398 458 sede
440 415 582 470 patria
617 416 829 471 rebusque
868 416 1044 458 summis
1083 416 1417 472 significabatur.
1476 415 1588 458 unde
1627 417 1721 458 orta.

158 475 379 518 miseratio
423 474 712 530 manifestior,
757 475 857 530 quia
900 474 1284 519 dissimulationem
1328 489 1415 518 nox
1458 477 1502 517 et
1542 475 1725 518 lascivia

156 536 386 578 exemerat.
446 532 562 576 Nero
593 534 812 576 intellecta
842 534 1006 576 invidia
1037 535 1180 577 odium
1213 534 1414 590 intendit3
1451 534 1723 590 urgentibus-

160 609 241 650 que
273 593 544 648 Agrippinae
581 592 728 647 minis,
766 593 867 648 quia
897 593 1065 636 nullum
1096 594 1256 636 crimen
1286 608 1424 650 neque
1455 594 1601 636 iubere
1633 606 1726 636 cae-

163 654 258 696 dem
289 651 438 694 fratris
469 651 615 706 palam
642 652 836 703 audebat,
868 652 1037 695 occulta
1059 653 1238 695 molitur
1261 653 1488 709 pararique
1513 667 1727 696 venenum

162 712 295 767 iubet,
325 711 524 753 ministro
549 710 744 753 Pollione
768 710 879 754 Iulio
903 712 1144 766 praetoriae
1169 712 1356 755 cohortis
1385 712 1575 767 tribuno,
1606 712 1727 755 cuius

164 786 267 814 cura
299 770 565 813 attinebatur
596 770 800 812 damnata
829 770 1026 813 veneficii
1054 771 1227 813 nomine
1257 771 1443 815 Locusta
1472 771 1609 813 multa
1640 784 1727 814 sce-

163 832 303 873 lerum
339 829 468 872 fama.
529 844 631 871 nam
665 832 714 871 ut
743 830 965 884 proximus
998 831 1176 886 quisque
1208 830 1458 873 Britannico
1491 845 1630 886 neque
1659 830 1730 872 fas

163 903 302 946 neque
333 889 460 931 fidem
490 890 615 944 pensi
646 889 836 944 haberet,
868 890 971 932 olim
994 890 1217 945 provisum
1243 892 1345 932 erat.
1394 889 1579 944 primum
1603 903 1730 933 vene-

165 964 270 992 num
307 948 362 990 ab
399 948 505 1002 ipsis
543 948 844 991 educatoribus
883 949 1063 1004 accepit,
1101 948 1372 1004 tramisitque
1408 950 1601 991 exsoluta
1632 949 1732 991 alvo

166 1023 320 1064 parum
351 1007 553 1062 validum,
585 1008 674 1050 sive
704 1010 1094 1063 temperamentum
1121 1009 1260 1050 inerat
1283 1022 1337 1050 ne
1364 1008 1513 1050 statim
1538 1008 1732 1050 saeviret.

170 1068 244 1111 sed
293 1067 410 1110 Nero
460 1067 566 1109 lenti
616 1067 788 1110 sceleris
837 1068 1054 1122 inpatiens
1103 1067 1295 1110 minitari
1342 1067 1535 1119 tribuno,
1587 1067 1734 1109 iubere

169 1127 428 1182 supplicium
471 1126 703 1182 veneficae,
754 1127 885 1182 quod,
935 1127 1036 1169 dum
1079 1141 1294 1170 rumorem
1336 1126 1590 1182 respiciunt,
1633 1126 1734 1168 dum

169 1188 326 1242 parant
376 1185 667 1241 defensiones,
717 1187 990 1229 securitatem
1033 1189 1313 1229 morarentur.
1378 1185 1733 1241 promittentibus

99 1257 144 1289 25
171 1246 271 1288 dein
308 1247 399 1287 tam
436 1246 715 1301 praecipitem
752 1260 899 1288 necem
937 1261 1067 1301 quam
1105 1246 1141 1288 si
1182 1246 1294 1288 ferro
1337 1246 1579 1301 urgeretur,
1622 1243 1737 1287 cubi-

104 1425 157 1467 16

127 1672 148 1704 5

171 1305 314 1348 culum
346 1303 543 1348 Caesaris
582 1306 702 1348 iuxta
740 1305 993 1361 decoquitur
1032 1306 1149 1348 virus
1189 1305 1374 1362 cognitis
1407 1306 1532 1346 antea
1563 1303 1738 1346 venenis

169 1364 382 1419 rapidum.

291 1423 387 1466 Mos
419 1423 663 1466 habebatur
692 1424 934 1479 principum
960 1424 1118 1466 liberos
1145 1438 1241 1466 cum
1267 1424 1420 1466 ceteris
1445 1422 1558 1465 idem
1584 1420 1740 1464 aetatis

173 1483 393 1526 nobilibus
433 1482 629 1525 sedentes
666 1483 781 1525 vesci
818 1483 865 1524 in
902 1485 1076 1538 aspectu
1113 1484 1454 1538 propinquorum
1491 1481 1667 1537 propria
1698 1482 1743 1522 et

172 1542 367 1597 parciore
398 1556 557 1584 mensa.
612 1542 702 1584 illic
734 1542 933 1597 epulante
964 1542 1229 1598 Britannico,
1261 1542 1361 1598 quia
1386 1542 1504 1584 cibos
1529 1542 1740 1595 potusque

175 1601 267 1643 eius
301 1601 492 1644 delectus
525 1615 576 1643 ex
607 1600 818 1643 ministris
851 1603 980 1656 gustu
1006 1601 1269 1656 explorabat,
1299 1615 1354 1643 ne
1381 1599 1652 1643 omitteretur
1676 1598 1740 1640 in-

175 1660 374 1703 stitutum
418 1662 493 1703 aut
535 1660 760 1715 utriusque
804 1662 940 1702 morte
983 1660 1235 1715 proderetur
1279 1660 1434 1714 scelus,
1476 1658 1578 1701 talis
1617 1657 1742 1700 dolus

227 1816 282 1848 10.
316 1815 523 1848 constanter
553 1812 848 1858 ,‚unbefangen“.
883 1832 924 1838 -

178 1861 341 1896 evolutus
366 1860 459 1895 statt
483 1860 666 1905 depulsus,
692 1860 905 1895 deturbatus
912 1873 925 1902 ;

179 1908 265 1944 sehr
304 1907 440 1951 selten‚
479 1907 575 1943 doch
613 1906 765 1942 ahnlich
802 1907 923 1942 Plaut.

179 1955 275 1991 Men.
310 1958 378 1990 903
410 1965 514 2000 quem
549 1955 628 1990 vita
663 1955 739 1990 iam
769 1955 926 1990 evolvam

179 2013 259 2039 sua.
291 2002 372 2038 Liv.
393 2006 426 2046 6,
444 2005 499 2047 15,
515 2006 535 2037 5
555 2003 643 2038 istos
661 2023 708 2028 -
727 2012 772 2037 ex
784 2003 925 2047 praeda

182 2050 412 2086 clandestina
436 2050 588 2085 evolvas.
634 2048 717 2085 Sen.
741 2050 847 2095 epist.
870 2053 926 2094 74,

185 2101 206 2133 3
234 2098 308 2133 aeti
337 2098 379 2132 in
404 2098 573 2133 exsilium
598 2101 631 2133 et
655 2097 788 2132 evoluti
812 2097 926 2132 bonis.

233 2183 287 2215 13.
319 2180 465 2216 invidia
497 2179 586 2224 „das
619 2179 857 2225 Gehassige‘fl
885 2201 927 2206 —

183 2228 341 2264 intendit
361 2244 406 2257 =
426 2228 543 2262 auxit.

233 2314 288 2345 14.
328 2310 470 2345 nullum
509 2310 643 2345 crimen
674 2309 752 2345 scil.
785 2309 932 2345 Britan-

184 2357 260 2394 nici
301 2358 382 2393 erat
424 2356 533 2401 „weil
569 2356 656 2393 kein
694 2356 934 2392 Verbrechen

186 2405 251 2441 des
282 2405 518 2440 Britannicus
556 2404 722 2450 vorlag“‚
761 2405 840 2440 also
873 2404 934 2440 ein

187 2451 451 2499 gerichtliches
479 2451 687 2487 Verfahren
717 2452 934 2498 unmoglich

187 2511 273 2535 war.

239 2574 295 2607 17.
326 2571 487 2606 Locusta
512 2571 618 2607 hatte
642 2570 738 2607 auch
764 2570 830 2606 das
857 2569 937 2605 Gift

189 2617 250 2654 fiir
275 2618 347 2654 den
374 2617 548 2653 Claudius
573 2617 742 2654 bereitet.
793 2622 853 2663 12,
879 2621 934 2654 66.

239 2698 295 2730 19.
321 2695 431 2748 pensi
455 2697 506 2730 est
532 2694 620 2730 oder
645 2695 785 2739 habere,
810 2694 939 2730 ducere

190 2742 230 2777 in
276 2742 478 2796 negativen
522 2741 654 2778 S'atzen
698 2742 800 2778 steht
841 2753 939 2777 zwar

192 2789 308 2871 {3¹33ss
323 2789 389 2872 {35}
407 2788 825 2873 {lffssfflsuffiddfflsslff'
849 2789 940 2824 aber

245 2916 302 2950 20.
328 2913 495 2949 eaesoluta
521 2913 614 2957 alvo,
641 2912 809 2948 dasselbe
836 2911 939 2956 Sym·

995 1813 1102 1857 ptom
1133 1811 1202 1846 wie
1234 1811 1296 1846 bei
1327 1811 1392 1846 der
1421 1810 1648 1856 Vergiftung
1676 1809 1742 1845 des

998 1858 1191 1894 Claudius:
1219 1862 1281 1904 12,
1307 1862 1351 1894 67
1377 1858 1497 1894 soluta
1521 1858 1636 1893 alvus.

1045 1916 1101 1947 23.
1134 1913 1222 1948 olum
1243 1911 1313 1947 mit
1332 1911 1418 1946 dem
1437 1910 1626 1946 Indikativ
1643 1910 1740 1946 trotz

998 1960 1063 1995 der
1087 1958 1299 1995 indirekten
1317 1959 1431 2003 Rede,
1457 1958 1527 1994 wie
1547 1961 1580 2001 2,
1601 1961 1657 1994 81.
1685 1961 1742 2003 14,

999 2011 1054 2043 58.
1075 2006 1160 2042 hist.
1181 2011 1214 2051 3,
1235 2010 1291 2042 38.
1335 2006 1382 2042 So
1402 2006 1518 2042 sehon
1537 2004 1611 2040 Cic.
1632 2005 1740 2040 Tusa.

1001 2059 1018 2090 1
1046 2058 1075 2098 ξ.
1099 2058 1176 2099 101,
1207 2054 1304 2090 daun
1329 2053 1457 2090 Livius
1482 2053 1559 2089 und
1584 2044 1744 2088 Curtius.

1048 2112 1105 2144 26.
1149 2108 1258 2143 iuoeta
1298 2107 1338 2142 in
1374 2105 1608 2152 Anaetrophe
1648 2105 1745 2141 nach

1002 2155 1124 2191 einem
1149 2154 1319 2198 Genetiv,
1345 2153 1427 2190 eine
1453 2153 1548 2189 auch
1570 2152 1635 2188 bei
1657 2152 1743 2188 Tae.

1003 2203 1143 2238 seltene
1177 2202 1366 2247 Stellung,
1402 2200 1472 2237 wie
1510 2204 1549 2244 3,
1582 2203 1600 2234 1
1635 2199 1747 2235 litora

1004 2250 1199 2286 Calabriae
1217 2252 1354 2285 contra.
1388 2251 1444 2292 14,
1457 2251 1478 2283 9
1495 2247 1593 2283 viam
1606 2246 1748 2282 Miseni

1002 2301 1160 2343 propter.
1195 2317 1238 2322 —-
1269 2297 1373 2332 virus
1408 2295 1490 2331 hier
1528 2294 1593 2330 der
1628 2293 1748 2339 „Gift-

1005 2344 1153 2389 trank“,
1174 2343 1357 2390 gemischt
1375 2353 1440 2378 aus
1459 2340 1749 2378 verschiedenen

1005 2392 1160 2428 venenis.
1215 2391 1330 2427 Sonat
1358 2390 1409 2425 ist
1438 2390 1541 2426 virus
1570 2388 1637 2424 das
1669 2387 1750 2424 Gift

1006 2439 1058 2474 im
1083 2438 1319 2474 natflrlichen
1345 2436 1540 2473 Zustande.

1055 2533 1119 2570 16.
1156 2537 1186 2568 1.
1219 2533 1313 2568 idem
1332 2531 1472 2568 aetatis.
1508 2529 1594 2576 Vgl.
1615 2532 1648 2573 5,
1668 2532 1689 2564 9
1708 2529 1751 2566 id

1008 2581 1139 2617 aetatis
1164 2590 1326 2625 corpora.
1371 2578 1406 2613 S.
1431 2577 1526 2613 Einl.
1552 2580 1584 2619 ξ.
1606 2580 1662 2612 27.

1056 2632 1088 2664 2.
1121 2628 1287 2664 sedentes.
1336 2625 1476 2661 Kinder
1505 2624 1581 2659 und
1605 2623 1752 2659 Frauen

1012 2675 1134 2711 sassen
1163 2673 1226 2710 bei
1251 2673 1380 2717 Tisch,
1409 2683 1479 2707 nur
1509 2671 1571 2707 die
1596 2671 1753 2707 Mannei-

1010 2723 1132 2769 lagen.
1148 2722 1248 2757 —in
1265 2723 1411 2765 aspectu
1430 2736 1474 2748 =
1491 2719 1532 2754 in
1551 2721 1753 2764 conspectu,

1012 2770 1196 2805 durchaus
1220 2766 1516 2813 ungewsshnlich.
1562 2765 1670 2802 Doch
1694 2764 1752 2801 Ci-

1012 2828 1115 2853 cero:
1141 2818 1182 2851 in
1206 2817 1352 2860 aspectu
1375 2813 1488 2850 wrbis.

1059 2868 1093 2901 4.
1126 2864 1288 2899 delectus.
1325 2861 1374 2896 Es
1391 2860 1443 2896 ist
1461 2861 1522 2896 ein
1535 2862 1752 2907 praegusta-

1012 2915 1080 2947 tor.
1125 2910 1160 2945 S.
1187 2921 1231 2945 zu
1258 2912 1316 2952 12,
1346 2912 1389 2944 67
1416 2907 1586 2944 Halotus.
