1794 3126
587 122 732 159 LIBER
757 122 853 159 XVI.
892 121 994 158 CAP.
1023 125 1174 158 12—15.

1569 118 1654 162 227

90 231 338 275 factitatis
325 248 372 274 111
396 230 614 275 Neronem
640 230 901 274 carminibus
925 229 1146 285 probrosis
1172 229 1313 284 exilio,
1344 231 1393 270 ut
1417 228 1517 283 dixi,
1549 229 1657 270 mul-

90 294 227 347 tatus,
270 295 499 359 postquam
542 291 586 333 id
627 289 807 333 honoris
850 289 1062 332 indicibus
1105 291 1281 344 tamque
1318 290 1566 343 promptum
1604 287 1657 330 ad

91 351 242 394 caedes
280 350 518 406 principem
557 349 737 405 accepit,
774 348 942 404 inquies
979 348 1124 390 animo
1161 349 1204 390 et
1235 347 1510 390 occasionum
1540 346 1656 388 haud

91 411 235 467 segnis
266 410 543 453 Pammenem
581 408 769 451 eiusdem
806 408 892 451 loci
929 408 1095 450 exulem
1134 409 1178 449 et
1214 405 1527 449 Chaldaeorum
1565 410 1656 448 arte
1682 416 1703 448 5

91 470 307 512 famosum
338 483 472 524 eoque
502 468 739 510 multorum
771 467 973 510 amicitiis
1007 467 1229 521 innexum,
1267 465 1543 508 similitudine
1574 465 1656 508 for-

91 531 222 571 tunae
265 529 349 571 sibi
392 528 602 570 conciliat.

669 526 882 569 ventitare
921 526 974 568 ad
1012 540 1109 568 eum
1146 525 1322 568 nuntios
1363 527 1406 567 et
1442 525 1656 567 consulta-

90 589 231 631 tiones
262 602 351 630 non
381 587 541 629 frustra
572 588 705 641 ratus,
737 586 866 628 simul
899 600 1085 628 annuam
1117 585 1343 640 pecuniam
1375 599 1400 626 a
1426 583 1472 626 P.
1498 583 1656 626 Anteio

91 647 331 689 ministrari
362 645 598 702 cognoscit,
629 659 768 701 neque
799 645 991 688 nescium
1022 645 1214 687 habebat
1238 644 1444 686 Anteium
1476 643 1655 686 caritate

90 705 359 762 Agrippinae
390 705 577 748 invisum
602 704 769 748 Neroni
802 718 986 760 opesque
1013 704 1104 746 eius
1130 704 1382 759 praecipuas
1409 703 1462 745 ad
1488 703 1655 745 elicien-
1683 713 1726 744 10

90 765 188 808 dam
214 765 456 820 cupidinem
482 779 660 819 eamque
686 779 861 806 causam
886 764 1034 806 multis
1061 763 1193 806 exitio
1220 777 1324 805 esse.
1367 763 1502 818 igitur
1526 762 1655 804 inter-

90 825 224 880 ceptis
255 824 390 866 Antei
426 824 600 878 litteris,
638 823 806 866 furatus
839 823 971 865 etiam
1002 822 1193 877 libellos,
1231 822 1386 878 quibus
1419 821 1507 864 dics
1540 822 1656 877 geni-

89 883 188 926 talis
211 883 310 926 >eius
344 886 387 926 et
418 885 623 926 eventura
655 883 832 925 secretis
863 882 1111 924 Pammenis
1144 881 1489 936 occultabantur,
1528 881 1656 923 simul

90 943 271 998 repertis
298 957 407 999 quae
434 942 484 984 de
511 944 608 984 ortu
633 942 806 997 vitaque
833 940 998 984 Ostorii
1018 939 1227 996 Scapulae
1254 940 1495 995 composita
1520 942 1655 995 erant,

89 1002 238 1045 scribit
276 1003 329 1044 ad
360 1002 597 1057 principem
630 1015 790 1057 magna
822 1015 866 1043 se
898 1003 941 1043 et
973 1015 1082 1056 quae
1113 1000 1401 1043 incolumitati
1433 999 1523 1042 eius
1556 1014 1655 1042 con-
1683 1010 1725 1041 15

90 1061 292 1104 ducerent
341 1061 600 1115 adlaturum,
650 1060 688 1102 si
736 1060 911 1102 brevem
961 1060 1077 1102 exilii
1119 1059 1290 1102 veniam
1332 1059 1656 1114 inpetravisset3

90 1121 247 1176 quippe
272 1120 478 1163 Anteium
505 1122 548 1162 et
568 1119 788 1162 Ostorium
814 1119 1024 1162 inminere
1050 1119 1177 1161 rebus
1205 1121 1249 1161 et
1275 1133 1352 1160 sua
1373 1117 1655 1174 Caesarisque

90 1179 183 1222 fata
231 1180 424 1222 scrutari.

499 1178 596 1220 exin
639 1179 797 1221 missac
840 1178 1077 1221 liburnicae
1123 1178 1430 1233 advehiturque
1473 1193 1656 1233 propere

90 1237 307 1281 Sosianus.
357 1253 406 1281 ac
434 1238 614 1293 vulgato
641 1238 731 1280 eius
759 1238 916 1281 indicio
948 1238 1063 1280 inter
1094 1237 1320 1280 damnatos
1352 1237 1492 1293 magis
1526 1252 1655 1293 quam

88 1298 202 1340 inter
231 1312 328 1341 reos
360 1297 542 1340 Anteius
574 1297 855 1353 Ostoriusque
886 1297 1174 1353 habebantur,
1207 1297 1312 1339 adeo
1344 1299 1394 1339 ut
1423 1299 1655 1339 testamen·
1681 1307 1725 1339 20

87 1360 180 1399 tum
214 1357 345 1399 Antei
374 1371 501 1400 nemo
533 1356 801 1413 obsignaret,
838 1357 924 1399 nisi
961 1356 1201 1412 Tigellinus
1240 1359 1390 1399 auctor
1428 1356 1656 1412 extitisset,

87 1417 252 1459 monito
294 1417 413 1472 prius
451 1414 612 1459 Anteio
649 1431 702 1458 ne
741 1430 963 1472 supremas
1001 1416 1173 1459 tabulas
1211 1417 1463 1458 moraretur.
1526 1418 1655 1472 atque

86 1476 159 1519 ille
202 1476 359 1518 hausto
403 1490 587 1530 veneno,
630 1475 880 1518 tarditatem
924 1475 1013 1518 cius
1057 1490 1236 1530 perosus
1280 1475 1492 1517 intercisis
1536 1476 1654 1518 venis

85 1537 270 1578 mortem
301 1535 614 1590 adproperavit.

205 1593 403 1637 Ostorius
434 1593 683 1649 longinquis
715 1594 762 1635 in
793 1594 910 1650 agris
942 1594 1056 1661 apud
1085 1594 1216 1635 finem
1241 1593 1452 1650 Ligurum
1476 1593 1520 1636 id
1545 1595 1651 1636 tem·
1670 1594 1723 1638 15

87 1653 205 1709 poris
243 1656 348 1696 erat.
411 1667 461 1696 eo
500 1653 659 1695 missus
697 1653 910 1708 centurio,
954 1653 1026 1708 qui
1063 1653 1236 1696 caedem
1275 1653 1365 1695 eius
1405 1655 1653 1696 maturaret.

87 1727 216 1755 causa
246 1712 482 1755 festinandi
513 1727 564 1754 ex
596 1726 646 1755 8ο
680 1712 912 1767 oriebatur,
943 1712 1055 1768 quod
1082 1711 1280 1755 Ostorius
1312 1711 1450 1754 multa
1475 1712 1653 1755 militari

135 1868 167 1899 2.
189 1864 387 1911 probrosis.
425 1863 597 1900 Dieselbe
615 1864 756 1900 Phrase
777 1868 833 1909 14,

86 1915 132 1947 48
147 1912 328 1956 probrosa
347 1911 519 1947 adversus
535 1911 740 1956 principem
753 1922 834 1947 car-

85 1959 188 1994 mina
211 1959 406 2003 factitavit.
442 1958 715 1994 Ebendaselbst
738 1958 832 1994 wird

86 2006 243 2051 erzahlt,
279 2005 359 2041 dass
390 2006 575 2042 Antistius
607 2005 672 2050 (im
705 2005 739 2041 J.
773 2009 833 2052 62)

84 2064 215 2100 wegen
260 2053 380 2089 seiner
421 2053 707 2111 Spottgedichte
750 2064 832 2089 ver-

84 2101 203 2137 bannt
226 2101 339 2136 ward.

131 2163 164 2196 4.
184 2161 339 2206 inquies,
359 2160 455 2196 auch
475 2163 573 2203 6,18
593 2161 756 2196 moribus
773 2162 831 2196 in-

107 2209 194 2243 uie-⁴3.
230 2211 261 2251 1,
288 2211 343 2243 65.
373 2211 418 2243 24
442 2207 518 2242 und
544 2207 659 2252 oster,
691 2207 742 2243 ist
765 2220 831 2243 un-

85 2254 278 2338 Sffisgisqch,
297 2254 416 2291 findet
434 2254 514 2290 sich
532 2254 622 2290 aber
641 2255 756 2291 sehon
772 2255 833 2291 bei

133 2366 165 2397 5.
202 2362 321 2406 scynis
357 2361 427 2396 mit
459 2360 543 2396 dem
576 2359 735 2396 Genetiv
765 2373 835 2396 nur

83 2409 166 2444 hier
189 2408 267 2443 und
294 2411 349 2454 14,
375 2412 432 2445 33.
476 2407 512 2444 S.
533 2407 631 2443 Einl.
657 2411 690 2451 ξ.
710 2411 765 2443 44.
788 2429 830 2434 —

83 2455 154 2492 Die
174 2454 359 2492 Chald’a'er
378 2455 467 2491 oder
484 2455 730 2491 mathematici
748 2455 830 2490 sind

83 2503 317 2549 Astrologen.

132 2566 165 2599 6.
191 2563 360 2605 inneaeus,
380 2561 605 2597 dichterisch
623 2561 699 2596 und
720 2563 829 2597 nach-

83 2609 283 2655 klassisch,
320 2609 417 2645 auch
449 2612 560 2653 3,10
591 2609 830 2645 conscientiae

83 2658 222 2694 matris.
250 2662 282 2702 6,
309 2661 354 2693 36
376 2656 576 2703 Hyrcanis.
602 2655 690 2691 hist.
717 2660 751 2701 4,
772 2660 826 2692 68.

84 2704 168 2751 Vgl.
197 2709 252 2751 16,
279 2709 323 2740 32
356 2715 430 2740 non
461 2703 676 2739 criminibus
703 2705 830 2740 mariti

84 2762 239 2796 conexa,
263 2752 333 2788 wie
358 2752 473 2788 schon
496 2750 559 2787 bei
584 2749 720 2787 Cicero.

132 2814 164 2847 8.
190 2811 230 2846 P.
250 2810 408 2857 Antejus
426 2811 532 2846 hatte
551 2810 726 2854 111-888118,
746 2810 828 2846 (18111

85 2858 184 2894 Nero
209 2871 252 2894 zu
277 2862 433 2903 zurnen,
466 2858 514 2893 da
542 2856 662 2892 dieser
685 2838 750 2892 ih’n
775 2858 828 2893 im

83 2906 105 2941 J
109 2931 118 2940 .
144 2909 189 2941 55
221 2918 303 2942 zum
336 2906 561 2942 Statthalter
592 2915 663 2940 von
696 2904 827 2951 Syrien

906 1864 1127 1909 designiert,
1153 1865 1242 1900 aber
1266 1864 1306 1900 in
1330 1864 1424 1900 Rom
1450 1864 1652 1911 zuruckge-

906 1910 1036 1947 halten
1061 1911 1177 1948 hatte.
1229 1916 1284 1956 13,
1310 1915 1367 1949 22.

957 1962 1010 1995 12.
1031 1959 1108 1995 dies
1124 1959 1295 2006 yenitalis
1313 1958 1531 1995 bezeichnet
1546 1959 1654 1995 nicht

905 2018 975 2041 nur
994 2006 1060 2041 das
1079 2006 1230 2050 Datum,
1255 2006 1413 2042 sondern
1433 2006 1492 2042 die
1512 2007 1652 2053 gleich-
1699 2011 1702 2015 '

905 2053 1038 2099 zeitige
1072 2053 1243 2099 Stellung
1273 2054 1338 2089 der
1362 2054 1560 2099 Planeten,
1592 2055 1651 2091 die

904 2100 1191 2146 Konstessation,
1205 2102 1350 2146 positus
1367 2102 1526 2138 siderum
1541 2106 1573 2147 6,
1594 2106 1650 2138 21.

903 2148 988 2194 Vgl.
1007 2148 1286 2184 ebendaselbst:
1304 2150 1496 2195 yenitalem
1513 2150 1650 2186 horam.

955 2200 1008 2231 13.
1034 2197 1177 2232 secretis
1199 2196 1344 2232 scheint
1362 2209 1408 2231 zu
1426 2196 1585 2234 heissen:
1612 2198 1651 2233 in

904 2242 1238 2289 geheimnisvollen
1262 2244 1550 2291 Andeutungen.

954 2295 1010 2326 14.
1047 2291 1121 2327 Der
1147 2291 1266 2337 junge
1299 2291 1484 2335 Ostorius,
1520 2292 1651 2328 dessen

1392 2339 1650 2376 Oberbefehls-

904 2386 1021 2421 haber
1042 2385 1081 2420 in
1101 2386 1319 2421 Britannien
1338 2387 1453 2432 starb,
1478 2387 1571 2423 wird
1595 2391 1650 2432 12,

904 2437 948 2469 31
975 2432 1168 2469 ehrenvoll
1193 2434 1369 2469 erwahnt.

952 2484 1009 2516 23.
1034 2472 1134 2516 Uber
1160 2480 1220 2516 die
1245 2480 1556 2526 umegelmassige
1575 2483 1650 2517 An—

902 2527 1087 2573 wendung
1131 2527 1195 2563 de's
1238 2528 1435 2563 absoluten
1476 2527 1649 2565 Ablativs

900 2575 1031 2610 hausto
1064 2585 1196 2610 veneno
1227 2575 1298 2611 mit-
1327 2574 1540 2621 folgendem
1573 2577 1650 2613 eius

902 2621 976 2667 vgl.
1005 2626 1060 2667 15,
1086 2626 1142 2657 30.
1169 2626 1224 2658 51.
1253 2626 1308 2667 14,
1336 2626 1390 2659 10.

905 2338 1020 2374 Vater
1055 2338 1108 2374 im
1145 2338 1177 2373 J.
1214 2342 1259 2374 50
1296 2339 1352 2374 als

949 2715 1011 2752 15.
1054 2722 1083 2752 1.
1119 2717 1222 2762 apud
1251 2718 1358 2762 finem
1390 2718 1484 2754 statt
1514 2719 1556 2754 in
1586 2730 1648 2755 ex-

901 2764 1041 2807 tremis,
1066 2763 1135 2800 wie
1161 2763 1239 2801 Liv.
1260 2769 1293 2809 9,
1313 2769 1346 2808 6,
1367 2768 1411 2801 10
1435 2769 1478 2801 ut
1498 2767 1648 2811 profici-

900 2814 1034 2847 scentes
1065 2812 1114 2847 ad
1138 2812 1245 2856 finem
1272 2811 1499 2858 Campanum
1523 2825 1647 2859 prose-

901 2862 1105 2904 querentur.
1132 2879 1176 2885 —
1203 2860 1244 2895 id
1274 2861 1443 2907 temporis
1468 2862 1562 2897 auch
1590 2866 1645 2904 14,

902 2910 934 2941 2.
963 2910 1018 2951 12,
1045 2910 1066 2942 8
1091 2907 1166 2942 und
1193 2908 1299 2952 efter,
1324 2908 1394 2944 wie
1419 2908 1479 2944 bei
1506 2908 1645 2945 Cicero.

1293 2967 1362 3002 15*
