1794 3106
15 543 22 559 *
90 555 302 611 Mazippa.

591 91 739 127 LIBER.
755 91 800 129 Π.
850 90 952 128 CAP.
979 95 1132 128 51—-53,

1569 93 1652 135 127

93 201 309 258 stipendia
338 199 538 256 meritus,
577 214 679 243 mox
710 199 919 255 desertor,
951 214 1086 256 vagos
1123 200 1310 256 primum
1341 202 1386 243 et
1415 200 1653 244 latrociniis

94 263 238 304 suetos
275 260 330 303 ad
366 258 571 315 praedam
609 261 653 301 et
687 261 838 315 raptus
871 273 1152 316 congregare,
1190 259 1291 302 dein
1321 273 1441 302 more
1473 260 1653 303 militiae

90 334 168 376 per
204 319 360 362 vexilla
403 321 446 360 et
487 320 653 360 turmas
697 333 970 374 componere,
1014 321 1235 374 postremo
1277 333 1366 361 non
1408 318 1654 361 inconditae
1679 331 1700 363 5

90 379 244 422 turbae
275 378 349 421 sed
374 377 730 420 Musulamiorum
754 378 839 420 dux
869 378 1034 422 haberi.
1082 378 1226 420 valida
1256 393 1308 420 ea
1339 391 1446 434 gens
1479 381 1523 420 et
1553 379 1653 420 soli-

94 437 316 481 tudinibus
354 436 528 480 Africae
558 437 819 493 propinqua,
856 438 977 480 nullo
1016 438 1149 479 etiam
1189 440 1282 480 tum
1319 437 1491 480 urbium
1523 438 1654 492 cultu,

92 497 207 552 cepit
248 511 369 539 arma
404 495 662 551 Maurosque
699 497 870 539 accolas
907 497 953 540 in
989 497 1152 539 bellum
1187 497 1338 552 traxit3
1375 497 1460 538 dux
1499 499 1543 539 et
1572 497 1654 551 his,

372 555 617 611 divisusque
656 556 884 612 exercitus,
920 559 970 599 ut
999 556 1248 599 Tacfarinas
1285 556 1421 598 lectos
1451 556 1568 599 viros
1610 560 1654 599 et

90 614 334 658 Romanum
364 615 411 657 in
440 615 615 657 modum
649 618 838 658 armatos
878 616 1029 658 castris
1068 616 1290 672 attineret,
1327 615 1578 671 disciplinae
1611 619 1654 658 et
1682 627 1724 660 10

90 674 282 730 imperiis
315 676 542 729 suesceret,
572 673 772 730 Mazippa
801 675 886 717 levi
917 690 1014 718 cum
1046 676 1171 731 copia
1199 675 1397 717 incendia
1429 678 1472 717 et
1502 674 1652 718 caedes

94 736 139 776 et
163 738 371 777 terrorem
397 733 701 776 circumferret.
757 735 1120 791 conpulerantque
1147 733 1376 790 Cinithios,
1395 733 1510 776 haud
1536 749 1651 789 sper-

92 793 279 835 nendam
309 793 542 848 nationem,
571 793 617 835 in
642 793 804 848 eadem,
837 809 935 837 cum
959 793 1113 836 Furius
1140 793 1347 837 Camillus
1371 808 1450 849 pro
1476 794 1651 836 consule

90 852 264 895 Africae
300 853 513 908 legionem
551 855 594 895 et
630 853 743 908 quod
775 853 855 895 sub
893 854 1030 910 signis
1063 854 1277 897 sociorum
1313 854 1360 895 in
1390 867 1522 895 unum
1554 867 1652 895 con-

89 911 241 954 ductos
284 912 339 954 ad
379 911 549 954 hostem
593 912 732 967 duxit,
776 913 990 956 modicam
1026 928 1220 968 manum,
1259 913 1297 955 si
1327 912 1650 955 multitudinem
1678 923 1722 957 15

89 970 374 1014 Numidarum
406 975 533 1027 atque
565 970 814 1014 Maurorum
847 976 1086 1028 spectares:
1119 972 1194 1014 sed
1224 972 1334 1014 nihil
1365 986 1499 1028 aeque
1530 986 1651 1014 cave-

85 1030 216 1073 batur
255 1045 383 1086 quam
421 1044 477 1072 ne
514 1031 676 1073 bellum
717 1035 834 1073 metu
866 1032 1102 1074 eluderent:
1141 1046 1217 1086 spe
1248 1032 1454 1074 victoriae
1485 1031 1651 1074 inducti

88 1093 188 1132 sunt
212 1092 262 1132 ut
285 1090 571 1133 vincerentur.
612 1090 748 1147 igitur
773 1091 888 1147 legio
915 1091 1067 1145 medio,
1091 1091 1207 1133 leves
1233 1090 1432 1133 cohortes
1458 1090 1650 1146 duaeque

88 1148 183 1191 alae
214 1149 261 1191 in
287 1149 489 1191 cornibus
522 1149 733 1192 locantur.
786 1164 865 1193 nec
890 1149 1140 1193 Tacfarinas
1166 1164 1358 1207 pugnam
1385 1150 1650 1192 detrectavit.

85 1207 173 1250 fusi
211 1207 442 1259 Numidae,
486 1208 730 1264 multosque
767 1212 869 1265 post
911 1224 1047 1252 annos
1092 1209 1222 1252 Furio
1266 1209 1432 1252 nomini
1475 1211 1650 1265 partum
1675 1220 1722 1253 20

89 1266 218 1309 decus
249 1267 445 1311 militiae.
498 1282 601 1309 nam
631 1271 731 1323 post
761 1268 886 1311 illum
916 1269 1247 1324 reciperatorem
1278 1269 1397 1311 urbis
1428 1268 1649 1324 filiumque

88 1326 179 1368 eius
218 1324 448 1369 Camillum
485 1340 616 1381 penes
654 1328 761 1370 alias
804 1328 992 1370 familias
1036 1328 1315 1383 imperatoria
1354 1328 1448 1370 laus
1484 1327 1649 1382 fuerat3

87 1388 216 1441 atque
259 1385 330 1427 hic
366 1399 493 1440 quem
530 1401 818 1430 memoramus
855 1387 1067 1430 bellorum
1108 1402 1258 1443 expers
1289 1387 1542 1430 habebatur.
1598 1401 1649 1430 eo

86 1445 265 1499 pronior
295 1443 492 1486 Tiberius
517 1459 585 1488 res
618 1448 762 1501 gestas
787 1447 900 1502 apud
929 1450 1125 1489 senatum
1151 1447 1402 1502 celebravit3
1434 1449 1477 1488 et
1507 1446 1650 1489 decre-

86 1518 184 1546 vere
216 1506 362 1559 patres
391 1504 674 1559 triumphalia
703 1506 909 1562 insignia,
941 1507 1054 1562 quod
1086 1505 1272 1550 Camillo
1304 1506 1360 1549 ob
1391 1505 1650 1548 modestiam
1675 1517 1720 1550 25

85 1563 202 1605 vitae
231 1563 407 1619 impune
437 1563 531 1607 fuit.

203 1621 394 1678 Sequens
420 1637 559 1665 annus
580 1623 802 1666 Tiberium
827 1625 1019 1681 tertium,
1044 1624 1347 1667 Germanicum
1370 1625 1525 1667 iterum
1551 1639 1647 1667 con·
1663 1625 1720 1668 53

86 1681 199 1723 sules
230 1681 395 1726 habuit.
447 1682 522 1724 sed
554 1697 652 1724 eum
682 1683 889 1726 honorem
915 1684 1198 1727 Germanicus
1230 1684 1328 1727 iniit
1354 1684 1466 1740 apud
1497 1684 1648 1727 urbem

85 1740 276 1783 Achaiae
320 1740 587 1796 Nicopolim,
632 1757 716 1798 quo
759 1748 934 1786 venerat
982 1758 1059 1799 per
1101 1743 1325 1799 Illyricam
1370 1758 1510 1799 oram,
1555 1744 1648 1786 viso

85 1799 219 1842 fratre
244 1799 388 1842 Druso
412 1800 459 1842 in
478 1800 695 1844 Delmatia
720 1805 890 1858 agente,
909 1802 1154 1846 Hadriatici
1180 1818 1229 1846 ac
1255 1817 1356 1845 mox
1374 1802 1490 1846 Ionii
1515 1803 1648 1845 maris

86 1858 312 1901 adversam
336 1859 659 1915 navigationem
678 1876 921 1916 perpessus.
956 1862 1092 1919 igitur
1117 1877 1276 1918 paucos
1302 1862 1392 1905 dies
1416 1862 1650 1917 insumpsit

136 1977 168 2009 4.
220 1965 321 2009 Uber
350 1978 467 2011 suetos
496 1975 573 2011 und
597 1975 650 2011 im
674 1976 832 2024 Folgen-

88 2021 161 2057 den
184 2025 358 2058 suesceret
382 2035 409 2058 s.
435 2034 480 2057 zu
505 2034 561 2068 cp.
587 2026 643 2059 44.

134 2077 166 2110 5.
212 2085 279 2120 per
307 2076 464 2118 vexillm
500 2076 575 2121 vgl.
616 2089 661 2112 zu
693 2088 748 2123 cp.
775 2082 833 2121 45,

132 2136 164 2169 6.
205 2132 273 2169 Die
282 2133 537 2178 Musulamier,
558 2146 653 2181 ange
661 2135 764 2171 blich
781 2135 834 2172 im

86 2180 209 2216 Sfiden
233 2191 308 2217 von
335 2180 438 2218 Cirta
462 2183 673 2228 wohnhaft‚
703 2183 833 2228 jeden-

83 2227 170 2264 falls
226 2238 273 2264 an
320 2228 579 2265 Mauretanien
636 2231 832 2276 grenzend,

0 2264 9 2339 ζ
85 2286 211 2312 waren
229 2276 302 2311 seit
320 2277 405 2312 dem
425 2277 459 2313 J.
475 2281 493 2312 1
516 2290 551 2313 v.
566 2276 649 2315 chr.
670 2289 743 2314 von
762 2279 834 2314 den

84 2321 249 2359 Remern
267 2324 528 2360 unterworfen.
577 2325 637 2361 Sie
657 2325 832 2362 scheinen

86 2369 147 2406 ein
169 2370 422 2407 numidischer
448 2371 593 2407 Stamm
616 2385 661 2408 zu
685 2373 774 2409 sein.

134 2433 189 2466 10.
242 2431 408 2473 attinere,
427 2430 570 2467 beliebt
586 2430 650 2467 bei
663 2431 830 2477 Tacitus.

84 2475 167 2512 hier
191 2478 288 2513 statt
311 2478 501 2514 continere.

0 2544 5 2580 2
136 2533 190 2565 12.
251 2530 448 2573 Cinithios,
479 2532 519 2567 in
544 2532 610 2567 der
633 2532 741 2568 Nahe
766 2533 832 2568 der

0 2581 4 2626 ξ
83 2575 125 2612 kl
135 2577 243 2613 einen
269 2577 386 2623 Syrte.

3 2632 5 2637 ⁴
137 2633 190 2667 17.
230 2621 331 2667 Uber
354 2643 463 2677 quam
487 2633 585 2669 nach
603 2634 699 2669 nihil
724 2644 832 2679 aeque

84 2687 113 2712 s.
138 2676 236 2714 Einl.
261 2681 293 2721 ἓ.
320 2682 376 2714 93.

137 2734 190 2766 18.
239 2732 356 2768 medio
387 2732 458 2768 wie
490 2731 576 2769 hist.
612 2738 648 2778 1,
682 2737 726 2770 68
757 2735 831 2779 ipsi

88 2778 203 2814 medio
227 2780 323 2824 vagi,
349 2790 432 2815 ann.
461 2783 516 2825 13,
543 2783 588 2816 38
613 2782 729 2818 medio
752 2793 829 2818 sex·

86 2826 163 2860 tam
186 2826 358 2872 leyionem
382 2828 582 2864 constituit.
633 2832 663 2875 1,
692 2832 737 2864 64
762 2840 830 2865 me-

88 2871 150 2908 dio
174 2874 349 2910 montium
373 2878 406 2911 et
424 2875 616 2920 paludum.

953 1982 1010 2013 21.
1052 1979 1248 2024 filiumque.
1290 1978 1557 2024 Kriegsthaten
1576 1989 1650 2014 von

907 2026 991 2062 dem
1006 2026 1130 2062 Sohne
1149 2026 1214 2061 des
1232 2026 1456 2062 berfihmten
1469 2024 1649 2061 Camillus

906 2074 1054 2108 kennen
1076 2074 1145 2109 wir
1167 2073 1285 2116 nicht,
1312 2074 1402 2109 aber
1427 2074 1507 2108 sein
1525 2072 1649 2108 Enkel

906 2121 1038 2166 schlug
1057 2119 1108 2155 im
1118 2121 1151 2156 J.
1164 2124 1233 2156 338
1247 2132 1281 2157 v.
1298 2119 1381 2156 Chr.
1402 2119 1462 2156 die
1482 2119 1646 2156 Latiner.

906 2167 1061 2214 Spatere
1087 2167 1302 2214 Mitglieder
1326 2168 1392 2204 der
1420 2178 1513 2214 gens
1538 2166 1651 2203 Furia

904 2215 1028 2252 haben
1035 2215 1135 2251 wohl
1144 2215 1393 2261 triumphiert‚
1402 2215 1498 2251 doch
1511 2215 1648 2251 keinen

907 2263 1122 2299 dauernden
1145 2263 1269 2298 Ruhm
1294 2262 1442 2309 erlangt

952 2310 1017 2347 53.
1033 2316 1065 2346 3.
1093 2314 1151 2346 An
1171 2311 1236 2347 der
1250 2309 1378 2354 SteIle,
1389 2322 1446 2346 wo
1456 2311 1649 2356 Augustus

904 2369 970 2394 vor
1003 2358 1068 2393 der
1094 2358 1274 2394 Schlacht
1306 2358 1366 2394 bei
1392 2357 1543 2393 Actium
1569 2358 1649 2393 sein

904 2405 1023 2450 Lager
1033 2405 1323 2451 aufgeschlagen
1332 2406 1451 2449 batte,
1464 2417 1523 2441 am
1536 2405 1646 2440 nord-

902 2451 1026 2488 lichen
1046 2453 1135 2489 Ufer
1155 2453 1219 2489 der
1231 2452 1405 2488 Einfahrt
1421 2453 1458 2487 in
1479 2454 1552 2488 den
1569 2462 1647 2486 am-

901 2499 1125 2536 brakischen
1143 2501 1373 2543 Meerbusen,
1398 2500 1581 2546 grflndete
1608 2511 1648 2535 er

902 2559 965 2582 zur
987 2547 1221 2593 Erinnerung
1246 2558 1294 2583 an
1322 2547 1450 2583 seinen
1475 2546 1562 2592 Sieg
1586 2545 1647 2581 die

904 2593 1014 2631 Stadt
1036 2594 1243 2640 Nikopolis.

952 2646 985 2677 5.
1033 2643 1210 2678 insumere
1240 2642 1311 2677 mit
1336 2641 1419 2676 dem
1446 2640 1558 2676 Dativ
1583 2641 1648 2676 des

905 2688 1062 2724 Gerund.
1083 2690 1178 2725 auch
1196 2690 1294 2724 noch
1313 2693 1347 2732 3,
1369 2693 1386 2723 1
1410 2699 1547 2733 paucos
1571 2689 1648 2724 dies

903 2738 1136 2781 conponenda
1155 2738 1288 2772 animo.
1322 2739 1377 2780 16,
1398 2739 1442 2771 23
1462 2735 1539 2770 und
1558 2737 1644 2781 Agr.

902 2787 965 2826 233
984 2784 1060 2829 vgl,
1079 2783 1174 2819 Plin.
1200 2795 1235 2819 11.
1262 2784 1298 2819 11.
1325 2786 1382 2828 35,
1407 2786 1438 2826 ξ.
1466 2786 1532 2819 197
1564 2782 1645 2819 Um-

904 2831 1006 2867 brica
1023 2832 1148 2875 (creta)
1167 2842 1243 2867 non
1261 2831 1337 2867 nisi
1349 2831 1534 2876 poliendis
1541 2831 1646 2867 vesti—

903 2879 970 2914 bus
994 2879 1202 2915 assumitur.
