1806 3120
578 113 725 150 LIBER
749 113 793 150 ΙΙ.
843 111 946 150 CAP.
967 117 1119 150 80—82.
1550 112 1634 154 143

73 223 328 267 seditionem
354 222 598 278 coeptabat,
629 220 819 276 adeoque
845 227 1148 277 commoverat,
1173 223 1223 263 ut
1247 220 1426 277 signifer
1451 221 1635 277 legionis

76 286 220 326 sextae
264 282 437 338 signum
481 281 534 323 ad
579 295 675 323 eum
719 281 1001 323 transtulerit.
1075 284 1168 323 tum
1214 279 1387 323 Sentius
1432 294 1635 323 occanere

70 356 232 386 cornua
279 342 492 396 tubasque
541 343 584 382 et
632 340 722 395 peti
772 353 996 396 aggerem,
1047 340 1155 396 erigi
1208 340 1345 382 scalas
1388 339 1536 395 iussit,
1586 354 1636 382 ac

69 400 444 458 promptissimum
494 413 705 455 quemque
757 400 1003 453 succedere,
1052 400 1160 441 alios
1209 399 1437 441 tormentis
1485 399 1635 441 hastas

71 475 174 503 saxa
211 462 254 501 et
290 459 407 502 faces
444 458 652 515 ingerere.
713 458 887 500 tandem
924 459 1041 501 victa
1077 459 1318 514 pertinacia
1355 458 1457 501 Piso
1496 459 1637 501 oravit

70 521 120 562 ut
148 519 321 562 traditis
354 519 485 561 armis
517 520 710 560 maneret
739 518 784 559 in
816 518 1006 572 castello,
1039 518 1140 560 dum
1167 516 1337 572 Caesar,
1371 517 1441 560 cui
1465 515 1636 560 Suriam

69 578 356 636 permitteret,
394 578 645 620 consulitur.
704 591 794 620 non
830 581 1027 633 receptae
1069 577 1360 632 condiciones,
1400 591 1479 619 nec
1521 577 1637 619 aliud

73 653 158 695 qua
233 652 364 680 naves
396 639 439 679 et
468 639 610 679 tutum
641 637 688 678 in
718 637 871 679 urbem
902 637 984 679 iter
1016 651 1265 679 concessum
1297 639 1374 680 est.

1662 290 1682 322 5

1665 587 1707 619 10

186 696 267 745 At*
309 696 494 752 Romae,
542 698 774 752 postquam
824 696 1071 739 Germanici
1121 696 1320 739 valetudo
1371 696 1638 752 percrebruit
1650 695 1707 738 82

73 756 314 812 cunctique,
344 759 394 798 ut
417 770 469 798 ex
499 756 747 811 longinquo,
780 758 908 798 aucta
932 756 976 798 in
1004 755 1190 798 deterius
1217 756 1484 810 adferebant,
1516 755 1637 797 dolor

70 817 158 872 ira,
190 818 233 858 et
264 816 548 871 erumpebant
579 819 767 871 questus.
815 815 910 858 ideo
941 815 1145 858 nimirum
1176 815 1221 856 in
1254 817 1467 857 extremas
1498 817 1636 857 terras

71 875 334 931 relegatum,
384 875 481 917 ideo
525 874 673 917 Pisoni
724 875 980 930 permissam
1023 875 1314 929 provinoiam3
1362 875 1445 916 hoc
1496 874 1637 931 egisse

72 937 260 977 secretos
298 935 523 990 Augustae
561 948 658 976 cum
695 933 904 976 Plancina
943 948 1172 976 sermones.
1233 948 1335 976 vera
1371 948 1548 989 prorsus
1585 933 1637 976 de

71 993 215 1037 Druso
249 994 439 1036 seniores
471 994 657 1050 locutos3
695 993 921 1048 displicere
959 993 1244 1049 regnantibus
1276 993 1419 1035 civilia
1450 993 1637 1035 filiorum

70 1053 259 1110 ingenia,
282 1067 420 1108 neque
447 1053 501 1095 ob
528 1052 642 1095 aliud
668 1053 946 1108 interceptos,
970 1067 1098 1108 quam
1125 1052 1225 1108 quia
1250 1053 1457 1107 populum
1482 1052 1637 1094 Roma-

72 1128 178 1156 num
216 1126 351 1167 aequo
388 1112 482 1154 iure
521 1112 749 1168 complecti
785 1112 952 1154 reddita
987 1112 1188 1154 libertate
1221 1112 1497 1167 agitaverint.
1556 1112 1636 1154 hos

72 1172 195 1228 vulgi
231 1186 451 1214 sermones
489 1171 638 1213 audita
675 1186 792 1214 mors
831 1171 937 1215 adeo
975 1171 1184 1226 incendit,
1224 1174 1273 1213 ut
1311 1175 1410 1213 ante
1449 1171 1637 1214 edictum

73 1231 424 1287 magistratuum,
457 1234 556 1273 ante
590 1232 766 1273 senatus
790 1232 1035 1274 consultum
1067 1233 1240 1286 sumpto
1272 1230 1439 1273 iustitio
1472 1230 1637 1273 desere-

75 1293 226 1333 rentur
258 1291 370 1346 fora,
409 1290 709 1332 clauderentur
740 1290 904 1333 domus.
965 1290 1127 1346 passim
1160 1290 1333 1332 silentia
1364 1293 1407 1332 et
1439 1290 1639 1347 gemitus,

76 1349 188 1392 nihil
227 1350 514 1405 compositum
552 1350 598 1391 in
636 1349 993 1405 ostentationem3
1031 1352 1075 1391 et
1111 1364 1370 1405 quamquam
1406 1363 1545 1405 neque
1576 1349 1638 1391 in-

75 1409 272 1465 signibus
298 1409 541 1464 lugentium
568 1408 844 1464 abstinerent,
876 1409 1006 1451 altius
1034 1408 1190 1451 animis
1215 1410 1478 1452 maerebant.
1526 1408 1638 1451 forte

72 1468 383 1525 negotiatores,
420 1468 592 1510 vivente
624 1467 763 1511 adhuc
794 1467 1048 1511 Germanico
1083 1467 1208 1511 Suria
1240 1468 1420 1525 egressi,
1458 1468 1639 1511 laetiora

74 1527 125 1570 de
166 1528 409 1570 valetudine
453 1527 544 1570 eius
589 1528 784 1570 attulere.
853 1528 1002 1570 statim
1046 1528 1226 1582 credita,
1272 1528 1420 1570 statim
1460 1528 1639 1584 vulgata

74 1589 190 1630 sunt:
222 1589 271 1629 ut
301 1588 481 1643 quisque
514 1587 679 1642 obvius,
710 1588 906 1643 quamvis
938 1587 1091 1630 leviter
1122 1587 1269 1629 audita
1301 1588 1346 1629 in
1372 1587 1481 1629 alios
1507 1591 1637 1643 atque

73 1646 139 1689 illi
163 1646 210 1689 in
235 1647 378 1702 plures
406 1646 622 1689 cumulata
649 1647 807 1703 gaudio
832 1647 1114 1706 transferunt.
1163 1650 1338 1689 cursant
1369 1661 1446 1703 per
1475 1647 1639 1702 urbem,

123 1766 154 1798 5.
181 1763 419 1799 transtulerit.
446 1755 546 1814 Uber
565 1763 633 1798 das
654 1764 818 1809 Tempus

75 1822 103 1846 s.
122 1809 219 1846 Einl.
240 1814 270 1853 ξ.
292 1813 348 1846 98.

123 1861 156 1894 6.
182 1869 356 1903 ayyerem,
376 1856 540 1893 namlich
553 1857 662 1901 Erde,
677 1856 818 1893 welche

75 1915 196 1950 gegen
222 1904 282 1940 die
307 1904 598 1950 Befestigungen
629 1904 820 1950 geworfen

75 1952 181 1996 wird,
207 1963 247 1987 so
273 1952 355 1987 dass
379 1962 467 1987 man
492 1952 648 1988 leichter
671 1951 819 1987 hinauf-

77 1998 221 2044 steigen
246 1999 357 2035 kann.

125 2050 158 2082 8.
196 2050 229 2081 et
258 2047 366 2090 faces.
416 2037 516 2082 Uber
541 2050 574 2082 et
598 2046 654 2081 als
686 2045 819 2082 drittes

78 2093 268 2139 Satzglied
282 2106 308 2130 s.
326 2094 421 2129 Einl.
439 2097 469 2137 ξ.
488 2097 544 2129 61.
569 2093 821 2139 Asyndetisch

77 2144 109 2185 4,
127 2144 174 2177 49
198 2152 294 2177 saxa
317 2142 442 2177 hastae
465 2142 577 2187 iqnes.

125 2192 157 2224 9.
183 2189 270 2224 dum
295 2189 508 2225 consulitur.
534 2187 610 2223 Der
631 2186 822 2224 Indikativ

77 2235 127 2272 ist
156 2236 253 2272 trotz
284 2236 350 2272 der
379 2235 594 2272 indirekten
625 2236 728 2271 Rede
759 2246 822 2281 ge-

77 2283 428 2330 wohnheitsmassig
477 2283 573 2319 nach
615 2284 703 2319 dum
744 2283 821 2319 bei-

75 2330 264 2375 behalten,
288 2331 359 2367 wie
384 2331 479 2367 auch
507 2335 562 2375 13,
591 2334 644 2366 15.
682 2334 736 2375 14,
764 2334 820 2365 58.

77 2378 164 2414 hist.
192 2383 230 2423 3,
256 2382 313 2415 38.
347 2383 385 2422 5,
414 2383 456 2414 17
495 2378 572 2413 und
608 2378 723 2414 schon
759 2378 821 2413 bei

78 2425 206 2462 Livius
229 2426 305 2462 und
332 2426 491 2462 Curtius.

127 2473 192 2510 82.
226 2477 256 2509 1.
288 2478 484 2520 postquam
517 2473 589 2509 mit
621 2473 719 2509 Perf.
745 2473 822 2508 und

79 2520 178 2556 daun
207 2522 278 2556 mit
306 2522 454 2567 Imperf.
480 2522 577 2557 auch
603 2525 664 2566 12,
691 2525 712 2556 6
745 2520 823 2555 und

79 2567 192 2604 schon
218 2569 278 2604 bei
302 2567 530 2605 Klassikern.

126 2619 160 2651 2.
191 2619 233 2651 ut
258 2633 303 2645 =
327 2620 369 2652 ut
399 2617 480 2660 fieri
508 2617 596 2652 solet
619 2616 690 2652 wie
717 2619 749 2660 1,
777 2619 820 2651 65

79 2665 188 2709 utque
218 2664 289 2699 tali
317 2664 360 2699 in
390 2668 559 2710 tempore,
595 2663 671 2699 und
706 2662 822 2699 sehon

80 2709 142 2746 bei
165 2710 394 2746 Klassikern.
420 2732 465 2737 —
491 2713 533 2747 in
557 2711 724 2754 deterius,
751 2710 821 2746 wie

82 2760 137 2802 13,
165 2761 209 2793 14
232 2769 297 2794 nec
326 2758 470 2803 defuere
499 2759 564 2805 qui
593 2759 636 2794 in
665 2758 823 2794 deterius

81 2806 264 2849 referrent.
290 2806 375 2842 hist.
389 2810 421 2850 4,
436 2810 480 2842 68
492 2810 532 2842 at
541 2806 678 2842 Romae
691 2808 822 2841 cuncta

81 2851 123 2886 in
146 2853 301 2889 deterius
325 2854 466 2889 audita.

131 2902 163 2934 5.
197 2900 254 2937 De
283 2900 420 2937 Druso.
464 2899 604 2936 Sueton
637 2899 822 2936 berichtet

890 1763 1036 1808 (Claud.
1059 1764 1104 1808 1),
1131 1763 1212 1799 dass
1238 1763 1304 1799 der
1321 1763 1438 1800 Vater
1465 1763 1530 1800 des
1549 1763 1638 1799 Ger-

890 1811 1060 1846 manicus
1087 1811 1148 1847 die
1173 1811 1348 1856 Absicht,
1381 1811 1547 1847 dereinst
1578 1811 1638 1846 die

891 1857 1081 1903 Republik
1106 1858 1370 1903 herzustellen‚
1396 1859 1539 1905 gehabt
1562 1859 1639 1894 und

892 1905 990 1941 offen
1010 1907 1328 1951 ausgesprochem
1353 1918 1442 1942 man
1459 1906 1558 1941 habe
1577 1917 1639 1952 ge-

891 1952 1035 1998 glaubt‚
1062 1963 1102 1987 er
1125 1953 1180 1988 sei
1198 1952 1353 1988 deshalb
1374 1965 1439 1988 aus
1458 1953 1639 1989 Deutsch—

890 1999 980 2034 land
1000 2000 1293 2035 zurx'ickberufen
1311 2000 1398 2044 und,
1412 2000 1499 2036 weil
1519 2011 1558 2035 er
1576 2011 1639 2046 ge-

893 2048 1033 2129 Ξῖἷθῶῗί
1047 2046 1403 2130 Ἅῖξξέῗθῄνέἵᾶἓέιῖἐ
1425 2047 1533 2131 31ξὲῙὲ
1553 2046 1640 2083 “³¹¹³

942 2145 973 2177 7.
999 2133 1100 2177 Uber
1124 2143 1336 2189 intercipere
1362 2153 1391 2179 8.
1410 2154 1456 2178 zu
1480 2154 1536 2188 cp.
1559 2146 1614 2178 71.

941 2192 973 2224 8.
1000 2200 1113 2234 aequo
1138 2190 1219 2225 iure
1244 2193 1302 2226 ctt.
1327 2190 1524 2226 bedentet:
1555 2190 1639 2235 „die

893 2236 1220 2319 {epuss'llilkaflloehe
1234 2237 1464 2283 Verfassung
1484 2237 1639 2274 wieder-

921 2294 979 2320 ers
998 2295 1018 2319 e
1050 2295 1097 2320 en
1123 2313 1131 2321 .

941 2335 972 2367 9.
998 2332 1187 2368 incendere
1209 2333 1280 2368 mit
1299 2333 1420 2368 einem
1440 2331 1640 2369 Accusativ

894 2378 960 2414 der
984 2378 1116 2425 Sache,
1142 2392 1169 2415 8.
1190 2391 1235 2415 zu
1262 2384 1294 2424 1,
1313 2384 1370 2416 23.

943 2430 997 2462 11.
1024 2427 1098 2462 Der
1116 2426 1243 2463 Plural
1261 2428 1420 2472 silentia,
1445 2427 1506 2463 bei
1526 2426 1639 2462 Dich-

892 2473 978 2508 tern
996 2473 1134 2520 haufig,
1152 2474 1204 2510 ist
1221 2474 1261 2510 in
1281 2475 1347 2510 der
1359 2475 1476 2510 Prosa
1489 2472 1552 2509 ἅπ.
1569 2473 1638 2518 εἰρ.

943 2524 998 2557 12.
1030 2532 1143 2567 neque
1174 2524 1269 2558 statt
1298 2534 1343 2558 ne
1374 2523 1537 2567 quidem,
1568 2522 1638 2557 wie

894 2566 981 2603 hist.
1014 2573 1055 2612 4,
1087 2572 1132 2604 35
1167 2569 1306 2604 Vocula
1342 2580 1407 2605 nec
1443 2569 1638 2605 adventum

893 2616 1049 2651 hostium
1079 2617 1284 2661 exploravit
1309 2617 1385 2651 und
1412 2617 1518 2651 oster.
1568 2616 1638 2652 Bei

895 2661 1023 2698 Cicero
1042 2662 1226 2708 unsicher‚
1245 2663 1413 2708 haufiger
1431 2663 1492 2698 bei
1511 2662 1638 2699 Livius

893 2709 971 2745 und
995 2709 1047 2745 im
1073 2709 1262 2746 silbernen
1287 2711 1476 2746 Zeitalter.

944 2761 998 2792 15.
1023 2758 1148 2793 statim
1167 2761 1238 2802 ott,
1266 2759 1347 2793 eine
1366 2758 1506 2793 seltene
1528 2758 1639 2794 Form

894 2804 961 2839 der
979 2804 1194 2850 Anaphora,
1220 2805 1315 2841 auch
1338 2809 1370 2851 1,
1391 2809 1436 2841 28
1451 2806 1639 2850 privatam

892 2852 1053 2907 qratiam
1084 2854 1209 2888 statim
1235 2864 1405 2898 mereare,
1437 2854 1560 2889 statim
1584 2864 1639 2888 re-

894 2910 1023 2945 cupra-s,

1665 1239 1709 1272 10

1666 1537 1708 1569 15
