1812 3112
586 123 733 160 LIBER
755 123 836 160 XII.
870 123 971 161 CAP.
999 127 1152 160 34-37.

1597 125 1655 167 53

83 232 157 275 ille
188 234 257 275 tot
286 245 364 287 per
395 246 534 275 annos
567 246 671 287 opes
702 233 875 274 nostras
908 231 1152 286 sprevisset.
1201 246 1256 273 ne
1286 230 1452 274 Romae
1484 232 1656 287 quidem

83 290 276 347 ignobile
297 290 497 334 Carataci
522 305 681 334 nomen
707 293 816 346 erat3
843 292 887 332 et
910 288 1071 332 Caesar
1096 290 1198 333 dum
1218 305 1346 333 suum
1371 290 1501 334 decus
1526 293 1658 334 extol-

83 350 151 405 lit,
175 350 341 393 addidit
366 350 551 406 gloriam
574 350 703 393 victo.
746 351 924 392 vocatus
952 349 1112 405 quippe
1138 351 1187 392 ut
1211 349 1265 392 ad
1290 349 1464 406 insigne
1491 354 1658 406 specta-

84 410 227 452 culum
251 410 459 465 populus:
491 411 650 452 stetere
675 408 736 464 in,
747 408 880 451 armis
909 409 1154 464 praetoriae
1179 409 1380 452 cohortes
1406 424 1558 465 campo
1585 410 1660 465 qui

83 470 229 512 castra
265 469 493 524 praeiacet.
548 470 653 510 tunc
689 467 988 510 incedentibus
1027 468 1160 524 regiis
1203 468 1414 511 clientelis
1454 469 1658 525 phalerae
1688 479 1730 511 10

82 530 262 583 torques
282 542 475 584 quaeque
500 527 626 570 bellis
647 527 836 570 externis
856 527 1128 584 quaesiverat
1150 528 1363 583 traducta,
1382 542 1484 571 mox
1503 528 1659 571 fratres

84 589 128 630 et
157 587 343 631 coniunx
368 589 411 630 et
435 586 538 642 filia,
568 589 791 643 postremo
817 587 912 643 ipse
938 589 1197 630 ostentatus.
1240 589 1481 630 ceterorum
1511 602 1660 643 preces

83 646 316 703 degeneres
347 646 469 689 fuere
501 660 553 688 ex
583 648 721 702 metu3
754 648 800 688 at
829 660 920 690 non
943 645 1178 689 Caratacus
1212 648 1288 689 aut
1317 647 1441 689 vultu
1472 647 1660 690 demisso

83 708 159 748 aut
189 705 340 748 verbis
377 705 722 748 misericordiam
752 706 994 762 requirens,
1034 706 1111 748 ubi
1147 706 1358 749 tribunali
1389 705 1576 762 adstitit,
1614 706 1660 748 in

80 764 196 807 hunc
227 764 406 807 modum
436 765 607 807 locutus
640 767 716 807 est.

1687 775 1731 807 15

201 822 263 866 ‘Si
289 825 453 879 quanta
478 824 686 867 nobilitas
714 825 757 866 et
782 823 959 867 fortuna
982 824 1092 867 mihi
1117 824 1214 880 fuit,
1243 825 1369 866 tanta
1393 839 1536 867 rerum
1561 839 1659 880 pro·
1675 824 1730 867 37

83 896 309 939 sperarum
328 883 567 926 moderatio
593 883 761 939 fuisset,
788 884 951 927 amicus
976 883 1122 940 potius
1146 884 1194 926 in
1218 882 1331 925 hanc
1352 883 1505 926 urbem
1530 899 1660 939 quam

81 944 234 998 captus
252 943 485 1000 venissem,
502 957 643 999 neque
663 943 923 999 dedignatus
943 957 1072 998 esses,
1097 943 1226 986 claris
1245 943 1484 985 maioribus
1505 945 1661 998 ortum,

79 1002 277 1057 pluribus
328 1003 531 1058 gentibus
577 1002 898 1058 imperitantem
943 1003 1116 1046 foedere
1165 1003 1212 1045 in
1260 1016 1410 1058 pacem
1455 1003 1659 1058 accipere.

79 1075 287 1117 praesens
327 1075 422 1104 sors
459 1076 557 1105 mea
593 1064 643 1104 ut
679 1062 787 1104 mihi
830 1061 1048 1118 informis,
1092 1062 1154 1104 sic
1193 1062 1275 1104 tibi
1310 1062 1544 1118 magnifica
1580 1063 1660 1104 est.
1685 1070 1706 1103 5

80 1120 215 1163 habui
253 1135 385 1176 equos
422 1121 558 1177 viros,
596 1136 719 1164 arma
757 1135 879 1177 opes:
923 1121 1028 1178 quid
1064 1121 1241 1177 mirum,
1278 1121 1315 1163 si
1350 1121 1458 1164 haec
1494 1121 1658 1164 invitus

83 1179 241 1222 amisi?
291 1194 396 1222 nam
440 1180 478 1222 si
520 1194 598 1223 vos
643 1181 842 1223 omnibus
886 1180 1136 1236 imperitare
1178 1181 1328 1235 vultis,
1373 1180 1570 1237 sequitur
1612 1182 1661 1222 ut

85 1253 234 1282 omnes
267 1240 521 1282 servitutem
547 1239 793 1295 accipiant?
838 1239 876 1282 si
905 1240 1056 1282 statim
1087 1239 1258 1282 deditus
1287 1239 1492 1295 traderer,
1521 1253 1661 1294 neque

85 1313 183 1341 mea
213 1298 389 1341 fortuna
418 1313 557 1354 neque
594 1301 671 1341 tua
709 1299 852 1355 gloria
881 1299 1173 1354 inclaruisset,
1212 1301 1257 1341 et
1287 1299 1545 1354 supplicium
1576 1298 1662 1340 mei

88 1357 251 1400 oblivio
303 1361 570 1413 sequeretur:
627 1360 673 1400 at
723 1358 761 1400 si
815 1358 1075 1401 incolumem
1125 1358 1384 1413 servaveris,
1439 1359 1663 1400 aeternum

86 1417 307 1472 exemplar
352 1417 607 1460 clementiae
651 1416 752 1460 ero?
809 1418 864 1460 ad
907 1432 958 1460 ea
996 1416 1157 1461 Caesar
1193 1418 1365 1460 veniam
1406 1417 1576 1473 ipsique
1620 1419 1665 1459 et

91 1475 267 1532 coniugi
299 1478 344 1518 et
373 1476 586 1519 fratribus
616 1476 783 1519 tribuit.
839 1478 969 1533 atque
1003 1477 1070 1519 illi
1099 1477 1251 1520 vinclis
1283 1477 1474 1519 absoluti
1503 1476 1662 1533 Agrip-

86 1535 235 1590 pinam
269 1549 459 1591 quoque,
493 1535 610 1578 haud
647 1536 799 1591 procul
832 1536 918 1578 alio
951 1538 1160 1593 suggestu
1192 1536 1488 1591 conspicuam,
1524 1535 1663 1578 isdem

89 1594 247 1650 quibus
278 1594 522 1650 principem
559 1595 760 1638 laudibus
799 1595 1080 1652 gratibusque
1111 1595 1304 1638 venerati
1336 1597 1449 1637 sunt.
1502 1609 1662 1638 novum

85 1667 189 1697 sane
224 1655 268 1696 et
297 1654 493 1707 moribus
524 1656 722 1697 veterum
758 1655 1001 1711 insolitum,
1037 1655 1243 1698 feminam
1282 1654 1420 1711 signis
1451 1653 1662 1697 Romanis

82 1804 187 1841 illam
219 1805 369 1841 nwmine
403 1806 509 1841 oleam
545 1806 727 1842 destinari
763 1817 836 1842 cre-

83 1852 228 1889 debant.
266 1854 311 1887 55
337 1853 518 1898 quidquid
542 1853 639 1888 illud
658 1856 691 1888 et
715 1854 836 1899 quale-

83 1910 225 1945 cumque
266 1899 463 1935 tribuisset.
522 1899 570 1935 So
608 1900 724 1936 sehon
761 1900 836 1936 Cic.

83 1947 188 1982 acad.
215 1949 249 1990 2,
276 1949 322 1981 22
354 1947 436 1991 quis
465 1947 534 1982 iste
557 1947 634 1982 dies
658 1948 837 1990 illuxerit,

81 2003 227 2039 quaero.
272 1993 368 2028 Plin.
400 2005 437 2029 n.
470 1993 507 2028 h.
543 1997 584 2028 12
619 1997 650 2036 ξ.
678 1997 723 2029 29
755 1995 838 2039 quis

81 2041 144 2076 ille
164 2040 310 2086 primas
335 2041 496 2085 experiri
519 2040 663 2076 voluit?

130 2091 163 2123 9.
195 2079 299 2123 Uber
344 2087 417 2122 den
455 2087 610 2124 Ablativ
647 2098 774 2134 campo
812 2100 839 2124 s.

81 2134 179 2171 Einl.
205 2138 236 2178 §-
263 2137 319 2170 35.

130 2185 186 2218 10.
211 2182 424 2227 praeiacere
456 2182 527 2218 mit
561 2182 648 2218 dem
679 2183 840 2218 Accusa-

82 2229 139 2265 tiv
183 2224 250 2264 ἅπ.
288 2227 356 2275 εἰρ.
401 2230 499 2265 nach
537 2230 723 2275 Analogie
766 2241 841 2266 von

86 2276 267 2320 adiacere,
293 2276 455 2312 welches
474 2286 515 2312 so
534 2277 596 2313 bei
613 2277 745 2313 Livius
763 2277 841 2313 und

85 2323 211 2369 Nepos
235 2323 462 2359 vorkommt.

131 2374 186 2407 12.
208 2380 336 2416 preces
359 2371 566 2416 degeneres,
597 2371 669 2407 wie
695 2371 765 2417 ΚΡ.
794 2376 837 2407 19

80 2428 187 2464 prece
210 2418 313 2453 haud
337 2418 512 2463 deyeneri.

136 2468 193 2500 13.
218 2476 295 2501 non
314 2485 357 2490 —
386 2468 453 2500 ant
472 2485 517 2491 -
536 2468 603 2502 aut
622 2466 716 2502 statt
727 2476 841 2511 neque

86 2532 131 2594 ἶ
157 2523 294 2595 neqzugfi
316 2523 382 2594 {m
412 2511 473 2548 die
504 2512 694 2558 Negation
731 2513 838 2549 mehr

113 2570 200 2595 ervo
295 2569 314 2595 e
344 2570 401 2594 en.

134 2653 199 2690 37.
231 2657 264 2690 3.
296 2653 494 2699 dediynari
530 2652 581 2688 ist
611 2653 838 2690 dichterisch

86 2700 163 2736 und
191 2700 496 2746 nachklassisch,
528 2700 625 2736 auch
656 2705 691 2745 2,
717 2705 750 2736 2.
779 2705 837 2737 34.

87 2751 134 2783 45
164 2748 241 2784 und
279 2748 387 2784 oster.
431 2747 493 2786 In,
512 2747 577 2783 der
607 2747 723 2783 Prosa
767 2748 840 2784 seit

89 2794 247 2830 Curtius.
279 2795 352 2831 Mit
369 2796 502 2831 Aecus.
523 2806 554 2831 c.
573 2793 640 2830 inf.
661 2807 731 2830 nur
744 2795 837 2831 hier.

137 2846 168 2877 6.
207 2853 313 2887 equos
350 2843 448 2878 viros
491 2843 556 2878 ctt.
618 2841 704 2887 Vgl.
749 2841 837 2878 Sall.

90 2888 175 2934 Jug.
202 2893 245 2924 51
273 2900 378 2925 arma
402 2890 486 2934 tela,
510 2889 595 2936 equi
619 2890 703 2925 viri.
749 2889 837 2925 Tac.

909 1805 998 1841 hist.
1031 1809 1064 1850 5,
1100 1810 1143 1842 15
1187 1818 1294 1843 arma
1337 1808 1430 1852 equi.
1480 1806 1663 1852 Dreiglie-

911 1853 1018 1899 derig
1047 1853 1110 1889 bei
1140 1853 1219 1889 Liv.
1254 1858 1310 1898 30,
1339 1858 1380 1889 11
1420 1864 1527 1899 equos
1557 1865 1664 1889 arma

909 1901 992 1936 tela.
1049 1904 1106 1944 35,
1140 1905 1197 1936 44.
1237 1905 1295 1946 23,
1328 1905 1374 1936 24
1416 1912 1523 1937 arma
1564 1901 1663 1936 viros

909 1957 1026 1992 equos.
1053 1951 1111 1992 35,
1137 1951 1184 1983 44
1210 1948 1405 1984 Graeciam
1433 1949 1548 1984 armis
1571 1948 1663 1983 viris

910 1995 1010 2040 equis
1035 1996 1218 2040 comple-re.

957 2045 990 2076 8.
1040 2042 1074 2077 si
1121 2043 1247 2078 statim
1301 2043 1445 2078 deditas
1495 2042 1662 2078 traderer

914 2088 1237 2182 33313323531033
1247 2089 1663 2182 sslaginsszzgissffil

913 2183 1003 2219 Also
1028 2183 1246 2219 bezeichnet
1269 2165 1414 2220 dedissus
1434 2183 1493 2220 die
1512 2183 1662 2219 frfihere

912 2230 1117 2277 Ergebung
1151 2231 1192 2267 in
1222 2231 1462 2277 Britannien,
1499 2232 1663 2267 traderer

914 2277 975 2314 die
1013 2278 1111 2323 jctzt
1146 2279 1383 2324 vorgehende
1425 2278 1662 2324 personliche

914 2318 1112 2371 Ubergabe
1138 2337 1186 2362 an
1211 2326 1285 2362 den
1308 2326 1452 2362 Kaiser.

961 2377 993 2408 9.
1025 2374 1276 2417 inclarescere,
1324 2373 1386 2409 bei
1429 2373 1518 2409 Tac.
1562 2373 1662 2409 auch

910 2418 999 2465 Agr.
1026 2424 1089 2465 42,
1127 2420 1178 2456 ist
1214 2420 1397 2456 silbernes
1434 2420 1580 2455 Latein.
1617 2441 1662 2446 -—

910 2458 1012 2502 Uber
1032 2467 1104 2503 den
1123 2467 1282 2504 Genetiv
1300 2468 1371 2503 mei
1393 2479 1421 2503 s.
1440 2467 1537 2501 Einl.
1559 2471 1588 2510 §-
1603 2471 1660 2502 42.

961 2518 1016 2550 11.
1036 2515 1179 2559 ipsique
1199 2518 1232 2550 et
1257 2526 1285 2551 s,
1304 2514 1401 2550 Einl.
1429 2517 1459 2556 ξ.
1481 2517 1539 2558 65,
1559 2515 1594 2550 b.
1616 2534 1661 2540 —

912 2562 1070 2606 coniuqi.
1102 2561 1209 2597 Nach
1234 2560 1305 2606 Kp.
1332 2565 1377 2597 35
1403 2559 1540 2596 mfisste
1564 2562 1662 2599 noch

912 2611 946 2643 et
969 2608 1070 2652 filiae
1093 2608 1340 2654 hinzugeffigt
1360 2608 1450 2653 sein,
1474 2619 1552 2644 was
1571 2608 1660 2644 Tac.

911 2655 1212 2738 vepges‘szgrgogkait.
1234 2703 1327 2737 statt
1356 2702 1484 2746 solati3
1518 2702 1594 2748 vgl.
1626 2707 1661 2747 4,

912 2753 956 2785 23
984 2750 1073 2786 bello
1097 2750 1261 2786 absolvit.

961 2800 1015 2832 14.
1041 2797 1209 2842 yratibas
1246 2796 1298 2831 ist
1335 2793 1399 2831 ἅπ.
1435 2795 1519 2842 εἰρ.;
1558 2799 1662 2833 sonst

910 2844 1028 2880 findet
1053 2843 1133 2880 sich
1160 2855 1230 2879 nur
1253 2847 1383 2890 qrates.

1691 1368 1734 1399 10

1690 1662 1733 1695 15
