1774 3100
603 93 749 130 LIBER
773 94 802 131 Ι.
851 93 957 131 cAP.
983 98 1136 133 52—54.
1599 96 1655 139 75

77 204 355 247 interfectum
398 202 655 246 Postumum
686 201 930 258 Agrippam
969 203 1109 245 omnis
1150 204 1243 258 spei
1279 217 1460 259 egenam
1504 205 1655 260 inopia

78 278 129 306 ac
153 263 253 306 tabe
278 263 414 318 longa
433 261 629 318 peremit,
648 261 878 304 obscuram
902 261 997 304 fore
1017 276 1168 304 necem
1194 262 1516 318 longinquitate
1537 264 1654 305 exilii

75 325 209 365 ratus.

280 336 361 377 par
406 335 538 364 causa
582 321 788 363 saevitiae
832 321 880 363 in
924 319 1229 376 Sempronium
1272 321 1535 373 Gracchum,
1580 323 1654 378 qui

74 381 243 424 familia
285 380 442 435 nobili,
495 380 648 423 sollers
693 380 868 436 ingenio
919 383 962 422 et
1009 394 1142 435 prave
1190 380 1422 436 facundus,
1472 380 1652 424 eandem
1668 393 1712 425 10

73 440 231 483 Iuliam
274 440 320 482 in
362 440 639 482 matrimonio
676 438 814 482 Marci
850 438 1076 495 Agrippae
1119 442 1419 483 temeraverat.

1492 455 1571 483 nec
1613 441 1651 483 is

73 499 243 542 libidini
285 499 407 541 finis:
450 499 658 542 traditam
701 498 877 541 Tiberio
918 499 1119 554 pervicax
1162 499 1333 542 adulter
1377 500 1650 543 contumacia

73 561 117 602 et
160 558 270 601 odiis
311 559 357 601 in
395 559 597 601 maritum
636 557 913 614 accendebat3
954 558 1210 614 litteraeque
1242 573 1348 614 quas
1380 558 1494 602 Iulia
1531 559 1650 614 patri

72 617 275 674 Augusto
301 632 399 661 cum
423 617 708 660 insectatione
727 616 892 659 Tiberii
912 618 1096 673 scripsit,
1118 633 1143 660 a
1163 617 1359 662 Graccho
1380 618 1647 674 compositae

72 677 370 720 credebantur.
437 677 573 733 igitur
609 679 780 720 amotus
818 675 1063 733 Cercinam,
1095 676 1235 720 Africi
1273 678 1405 720 maris
1443 678 1648 733 insulam,
1664 685 1707 718 15

71 736 418 792 quattuordecim
449 737 575 778 annis
607 735 784 779 exilium
807 736 1021 779 toleravit.
1070 739 1175 780 tunc
1200 737 1361 780 milites
1388 737 1444 779 ad
1469 737 1643 779 caedem

70 796 192 838 missi
215 796 423 838 'invenere
455 796 499 838 in
531 795 794 851 prominenti
818 795 976 850 litoris,
1007 796 1118 838 nihil
1144 796 1308 838 laetum
1334 796 1643 852 opperientem.

68 869 252 911 quorum
297 855 483 898 adventu
525 856 656 898 breve
698 857 871 910 tempus
907 855 1086 910 petivit,
1123 858 1172 897 ut
1203 870 1406 911 suprema
1438 855 1645 899 mandata

69 915 194 957 uxori
231 914 438 957 Alliariae
475 929 554 970 per
596 914 763 956 litteras
796 913 936 966 daret,
981 914 1274 970 cervicemque
1316 915 1644 970 percussoribus

69 974 250 1028 obtulit,
287 974 534 1017 constantia
571 973 725 1016 mortis
762 973 879 1016 haud
916 973 1121 1029 indignus
1155 973 1412 1029 Sempronio
1449 975 1706 1021 nomine22o

68 1033 160 1076 vita
204 1033 551 1089 degeneraverat.

625 1032 799 1088 quidam
838 1047 925 1075 non
962 1032 1103 1075 Roma
1142 1047 1216 1076 eos
1258 1034 1437 1089 milites,
1476 1034 1551 1076 sed
1590 1033 1645 1076 ab

67 1092 114 1134 L.
154 1091 399 1149 Asprenate
443 1107 522 1147 pro
566 1093 741 1134 consule
785 1091 959 1134 Africae
1004 1093 1163 1135 missos
1207 1092 1423 1135 tradidere
1468 1095 1644 1136 auctore

69 1151 261 1203 Tiberio,
292 1152 366 1206 qui
405 1150 566 1194 famam
603 1151 746 1194 caedis
777 1165 906 1206 posse
938 1152 984 1193 in
1016 1152 1306 1207 Asprenatem
1338 1152 1452 1195 verti
1481 1152 1644 1194 frustra

66 1215 328 1266 speraverat.

184 1269 302 1312 Idem
348 1284 485 1313 annus
527 1283 663 1312 novas
706 1269 992 1312 caerimonias
1037 1270 1202 1325 accepit
1239 1270 1386 1312 addito
1425 1269 1639 1312 sodalium
1658 1272 1717 1316 54

65 1329 375 1385 Augustalium
412 1329 670 1383 sacerdotio,
706 1332 755 1371 ut
791 1328 1010 1384 quondam
1048 1327 1173 1371 Titus
1211 1329 1362 1372 Tatius
1400 1329 1639 1372 retinendis

64 1386 324 1431 Sabinorum
374 1388 508 1431 sacris

559 1388 727 1431 sodales
770 1387 909 1431 Titios
953 1388 1216 1431 instituerat.

1291 1391 1408 1431 sorte
1454 1388 1572 1431 ducti
1617 1403 1639 1430 e

62 1448 323 1503 primoribus
367 1447 557 1491 civitatis
599 1462 710 1490 unus
754 1450 799 1489 et
841 1447 1017 1503 viginti:
1061 1447 1259 1490 Tiberius
1298 1448 1550 1503 Drususque
1592 1450 1636 1490 et

62 1506 268 1550 Claudius
311 1509 354 1549 et
397 1506 677 1549 Germanicus
718 1506 976 1549 adiciuntur.

1054 1507 1178 1550 ludos
1223 1507 1487 1563 Augustales
1531 1509 1674 1551 tunc5

60 1567 249 1622 primum
275 1569 452 1621 coeptos
476 1567 670 1608 turbavit
694 1565 908 1608 discordia
933 1581 985 1609 cx
1010 1566 1245 1609 certamine
1270 1567 1542 1609 histrionum.
1573 1566 1638 1609 in-

62 1624 256 1668 dulserat
280 1626 319 1668 ei
344 1625 511 1668 ludicro
537 1625 774 1682 Augustus,
805 1624 907 1667 dum
933 1624 1177 1668 Maecenati
1202 1626 1475 1681 obtemperat
1500 1626 1636 1668 effuso

61 1685 108 1728 in
139 1699 330 1728 amorem
361 1684 574 1741 Bathylli3
612 1699 751 1740 neque
781 1684 875 1741 ipse
907 1684 1172 1727 abhorrebat
1209 1685 1370 1727 talibus
1404 1685 1558 1727 studiis
1592 1687 1635 1727 et

60 1744 186 1787 civile
216 1745 392 1787 rebatur
422 1744 595 1787 misceri
626 1744 922 1800 voluptatibus
949 1744 1081 1800 vulgi.
1137 1744 1224 1786 alia
1255 1743 1428 1786 Tiberio
1462 1758 1633 1787 morum

61 1804 151 1857 via,
196 1804 270 1846 secl
312 1804 519 1859 populum
558 1817 635 1858 per
677 1806 747 1846 tot
790 1817 927 1846 annos
970 1804 1161 1846 molliter
1203 1803 1401 1846 habitum
1442 1803 1636 1846 nondum
1656 1811 1700 1843 10

62 1862 249 1906 audebat
281 1862 336 1905 ad
367 1863 543 1906 duriora
577 1864 756 1905 vertere.

111 1982 144 2014 ¹¹1.
180 1978 255 2013 Der
284 1977 403 2024 junge
427 1978 599 2024 Agrippa
630 1978 735 2013 ward
771 1981 815 2012 14

67 2037 102 2061 n.
130 2025 214 2061 Chr.
241 2025 438 2061 ermordet.

110 2076 143 2109 8.
170 2073 272 2119 lonqi
348 2073 453 2115 itate,
488 2072 559 2108 seit
592 2075 636 2107 15
662 2071 813 2107 Jahren.

109 2123 143 2155 9.
157 2083 487 2156 Dieseffiaeehus
506 2118 559 2154 ist
574 2120 678 2155 sonst
691 2119 815 2165 wenig

61 2166 239 2203 bekannt.

112 2218 166 2251 11.
204 2217 376 2250 temerare
418 2212 683 2259 urspri’inglich
724 2223 812 2258 poe-

60 2261 171 2306 tisch,
194 2260 266 2298 seit
282 2261 411 2297 Livius
434 2261 530 2296 auch
548 2260 589 2296 in
605 2261 670 2297 der
686 2260 812 2296 Prosa.

111 2313 167 2346 13.
187 2309 379 2345 accendere
398 2309 492 2345 statt
506 2309 707 2353 incendere,
727 2308 814 2344 wel-

63 2356 152 2393 ches
190 2356 319 2392 Cicero
355 2356 465 2392 daftir
507 2356 546 2391 in
580 2355 812 2401 tropischem

66 2402 180 2440 Sinne
205 2403 424 2449 gebraucht.

112 2455 167 2488 15.
195 2451 350 2487 Cercina
379 2451 432 2486 im
458 2449 679 2487 nordlichen
705 2449 811 2486 Teile

61 2497 127 2534 der
174 2498 326 2534 kleinen
369 2497 495 2544 Syrte,
546 2497 695 2534 sfidlieh
737 2509 812 2533 von

62 2545 246 2591 Thapsus.

112 2596 168 2628 16.
200 2593 322 2629 annis.
384 2593 460 2628 Der
483 2591 639 2628 Ablativ
673 2593 811 2628 ebenso

61 2639 126 2675 bei
149 2639 225 2676 Cic.
252 2640 300 2676 de
318 2640 394 2676 div.
417 2643 448 2684 1,
470 2642 514 2675 19
539 2640 665 2676 multis
687 2649 811 2676 saecu-

61 2686 109 2723 lis
131 2698 256 2723 verum
279 2687 395 2731 fuisse
417 2687 459 2723 id
482 2688 684 2723 oraculum.

108 2738 164 2771 17.
189 2735 233 2770 in
250 2734 477 2780 prominenti
501 2734 633 2777 litoris,
658 2733 727 2769 wie
756 2737 810 2777 12,

64 2783 110 2817 56
141 2785 227 2827 post
261 2782 416 2818 multum
452 2782 654 2817 vulnerum.
713 2772 813 2817 Uber

63 2827 166 2864 diese
201 2829 344 2865 seltene
386 2828 463 2863 und
504 2828 812 2864 nachklassische

66 2874 340 2912 Konstruktion
358 2887 386 2912 s.
400 2875 496 2912 Einl.
516 2879 546 2919 §-
558 2879 604 2912 40
621 2887 682 2911 am
695 2875 812 2913 Ende.

934 1981 992 2014 20.
1020 1978 1071 2013 Zu
1101 1978 1186 2013 dem
1216 1977 1467 2023 patrizischen
1492 1977 1639 2023 Zweige

887 2024 954 2060 der
996 2035 1089 2070 gens
1133 2024 1352 2070 Sempronia
1400 2025 1535 2060 hatten
1578 2025 1639 2060 die

887 2072 1082 2107 Gracchen
1106 2072 1250 2117 gehort.

934 2123 992 2154 22.
1009 2119 1198 2164 Asprenas
1216 2118 1267 2154 ist
1290 2119 1473 2163 derselbe,
1496 2118 1564 2154 der
1583 2118 1639 2154 als

886 2166 1007 2212 Legat
1026 2177 1091 2202 aus
1112 2166 1178 2202 der
1190 2165 1463 2202 Varianischen
1481 2165 1638 2202 Nieder-

885 2213 973 2259 lage
999 2213 1242 2250 entkommen
1266 2225 1356 2249 war.

934 2259 998 2297 54.
1023 2265 1057 2298 2.
1077 2260 1260 2307 Dagegen
1285 2262 1371 2307 sagt
1389 2260 1542 2297 Tacitus
1567 2260 1637 2296 irr-

885 2308 1044 2344 tumlich
1081 2308 1170 2344 hist.
1209 2311 1249 2352 2,
1288 2311 1350 2353 95,
1391 2319 1449 2344 wo
1499 2319 1540 2343 er
1574 2308 1637 2344 die

886 2355 1113 2401 Augustales
1140 2356 1321 2391 ebenfalls
1347 2355 1528 2399 erw'ahnt,
1553 2354 1636 2391 dass

885 2402 1067 2438 Romulus
1093 2402 1167 2439 den
1191 2402 1330 2439 Kultus
1362 2403 1428 2439 der
1453 2402 1546 2438 Titii
1570 2412 1636 2448 ge-

913 2450 1050 2486 rundet
1069 2450 1178 2486 habe.
1215 2449 1323 2486 Doch
1342 2450 1415 2496 gilt
1435 2449 1496 2485 die
1517 2449 1636 2485 Stelle

899 2500 943 2532 fir
967 2497 1117 2533 unecht.
1143 2517 1188 2523 —
1214 2489 1314 2533 Uber
1340 2497 1414 2533 den
1433 2496 1549 2532 Dativ
1569 2496 1649 2539 des>

883 2544 1156 2580 Gerundivums
1182 2557 1209 2580 s.
1235 2544 1333 2579 Einl.
1360 2548 1392 2587 ξ.
1421 2547 1501 2585 109,
1528 2543 1564 2579 b.

932 2595 965 2627 7.
985 2583 1087 2627 Uber
1105 2592 1192 2627 dum
1210 2592 1280 2626 mit
1297 2591 1471 2627 kausaler
1482 2589 1635 2626 Neben-

883 2639 1101 2684 bedeutung
1126 2650 1154 2674 s.
1174 2637 1271 2674 Einl.
1298 2642 1329 2681 ἓ.
1356 2642 1413 2674 90.

932 2690 965 2721 8.
1007 2685 1082 2721 Der
1126 2685 1388 2730 Schauspieler
1436 2684 1635 2730 Bathyllus

884 2732 979 2767 wird
1004 2733 1101 2768 auch
1125 2744 1199 2769 von
1225 2733 1297 2768 den
1329 2731 1467 2768 beiden
1492 2731 1636 2767 Seneca

885 2779 1064 2815 erwahnt..
1092 2799 1137 2805 —
1163 2780 1355 2816 abhorrere
1380 2779 1450 2814 mit
1475 2778 1636 2815 blossem

885 2826 1274 2872 Ablativ(0derDativ)
1283 2827 1334 2862 ist
1340 2825 1634 2862 nachklassisch.

935 2878 990 2910 10.
1005 2874 1134 2910 habere
1154 2874 1425 2919 ‚,behaudeln“,
1447 2873 1517 2910 wie
1538 2873 1634 2909 Plin.
