1820 3100
134 979 188 1021 13

195 103 282 146 268

627 101 861 139 CORNELII
884 101 1046 137 TACITI
1071 99 1332 136 ANNALIUM

150 222 171 255 5
196 212 363 255 modice
387 211 610 253 tribunum
634 210 862 266 increpans
887 210 1085 265 ignarum
1106 207 1276 264 antiqui
1297 208 1430 250 moris
1451 208 1506 251 ob
1525 208 1757 252 iuventam.

199 271 328 314 Gallo
361 270 662 326 exprobrabat,
695 269 807 325 quod
840 269 1044 311 scientiae
1075 267 1511 322 caerimoniarumque
1542 269 1665 310 vetus
1696 267 1759 310 in-

198 333 314 373 certo
347 333 541 384 auctore,
573 330 673 372 ante
705 328 964 371 sententiam
995 326 1188 382 collegii,
1218 340 1324 380 non,
1355 328 1405 368 ut
1435 326 1615 382 adsolet,
1645 326 1759 370 lecto

198 403 275 444 per
306 389 562 444 magistrum
588 388 899 442 aestimatoque
926 386 1126 441 carmine,
1158 385 1270 440 apud
1294 384 1612 440 infrequentem
1638 399 1760 428 sena-

197 452 291 490 tum
316 448 485 503 egisset.
535 447 663 489 simul
690 445 1028 497 commonefecit,
1059 446 1160 501 quia
1184 445 1321 486 multa
1347 458 1458 486 vana
1482 444 1562 486 sub
1586 444 1761 487 nomine

130 518 174 551 10
200 508 357 550 celebri
389 507 700 561 vulgabantur,
732 505 924 547 sanxisse
955 504 1223 559 Augustum,
1260 517 1387 558 quem
1418 503 1534 544 intra
1564 503 1677 545 diem
1706 503 1761 546 ad

200 569 446 622 praetorem
476 566 688 606 urbanum
720 564 989 605 deferrentur
1018 577 1157 618 neque
1188 563 1347 604 habere
1371 562 1577 618 privatim
1602 562 1762 605 liceret.

199 626 314 680 quod
345 640 371 667 a
402 623 639 666 maioribus
672 637 841 678 quoque
874 622 1091 664 decretum
1123 623 1215 663 erat
1251 624 1352 676 post
1383 623 1582 664 exustum
1613 621 1763 664 sociali

198 684 314 726 bello
347 682 630 738 Capitolium,
661 681 868 737 quaesitis
902 679 1044 735 Samo,
1073 680 1172 735 Ilio,
1203 679 1431 735 Erythris,
1461 694 1538 734 per
1569 679 1763 723 Africam

201 743 331 785 etiam
363 757 412 784 ac
439 740 634 783 Siciliam
663 743 706 782 et
730 740 907 782 Italicas
933 739 1126 782 colonias
1152 739 1413 781 carminibus
1439 737 1643 795 Sibyllae,
1675 754 1763 781 una

131 812 174 844 15
202 816 276 843 seu
307 801 454 856 plures
485 800 622 851 fuere,
660 799 847 855 datoque
880 798 1173 841 sacerdotibus
1210 798 1405 853 negotio,
1442 801 1654 853 quantum
1685 798 1764 840 hu-

201 875 332 902 mana
377 874 457 915 ope
501 859 765 914 potuissent,
808 872 909 900 vera
954 857 1205 900 discernere.

1271 857 1407 912 igitur
1449 859 1554 899 tunc
1595 871 1764 912 quoque

200 919 370 962 notioni
403 918 790 974 quindecimvirum
821 917 857 959 is
890 917 1001 959 liber
1033 915 1254 958 subicitur.

321 977 465 1020 Isdem
496 977 747 1019 consulibus
781 976 994 1032 gravitate
1020 988 1216 1017 annonae
1241 974 1363 1016 iuxta
1389 973 1642 1017 seditionem
1666 989 1767 1017 ven-

201 1039 316 1092 tum,
352 1037 571 1092 multaque
610 1038 653 1077 et
689 1036 835 1090 plures
867 1049 943 1091 per
975 1034 1065 1076 dies
1096 1034 1142 1075 in
1172 1033 1342 1075 theatro
1374 1032 1573 1075 licentius
1606 1032 1768 1088 efflagi-

202 1098 298 1139 tata
342 1110 471 1151 quam
517 1095 693 1138 solitum
738 1094 965 1137 adversum
1008 1093 1326 1148 imperatorem.
1390 1092 1486 1146 quis
1530 1094 1768 1134 commotus

202 1155 420 1198 incusavit
451 1155 736 1211 magistratus
768 1156 1008 1208 patresque,
1041 1152 1155 1208 quod
1185 1165 1275 1193 non
1305 1150 1480 1206 publica
1512 1150 1768 1194 auctoritate

158 1225 178 1257 5
204 1215 410 1270 populum
437 1214 738 1267 coercuissent,
764 1212 1012 1267 addiditque
1039 1211 1193 1267 quibus
1219 1224 1270 1252 ex
1288 1210 1521 1265 provinciis
1542 1211 1586 1251 et
1605 1211 1768 1265 quanto

205 1274 413 1315 maiorem
450 1287 578 1328 quam
609 1271 835 1328 Augustus
872 1271 934 1313 rei
972 1269 1278 1313 frumentariae
1311 1269 1479 1324 copiam
1511 1268 1769 1311 advectaret.

204 1332 268 1374 ita
312 1332 589 1387 castigandae
633 1331 750 1386 plebi
794 1330 1081 1385 compositum
1126 1330 1300 1372 senatus
1345 1328 1587 1370 consultum
1628 1328 1770 1383 prisca

207 1392 452 1445 severitate,
495 1405 632 1446 neque
677 1390 849 1445 segnius
892 1389 1088 1431 consules
1129 1388 1308 1430 edixere.
1370 1387 1590 1429 silentium
1633 1386 1768 1442 ipsius

205 1464 292 1493 non
324 1450 461 1506 civile,
491 1452 539 1491 ut
570 1449 825 1504 crediderat,
857 1448 930 1491 sed
961 1448 1006 1490 in
1040 1446 1287 1503 superbiam
1319 1445 1622 1500 accipiebatur.

208 1601 302 1636 auch
345 1601 442 1636 nach
485 1600 722 1646 gepflogener
759 1599 951 1643 Beratung

206 1647 448 1693 regelmassig
469 1648 551 1683 eine
570 1648 738 1684 discessio
758 1648 862 1691 statt,
881 1646 952 1681 wie

208 1707 238 1732 z.
252 1696 292 1730 B.
307 1699 340 1739 3,
354 1698 398 1730 69
425 1696 468 1730 in
491 1695 586 1731 hanc
609 1695 824 1731 sententiam
848 1694 950 1737 facta

208 1743 389 1779 discessio.

257 1799 290 1831 6.
322 1798 423 1831 vetus
452 1794 524 1830 mit
548 1795 633 1830 dem
659 1794 817 1830 Genetiv
843 1794 953 1839 (statt

202 1843 384 1889 prudens)
403 1842 472 1878 wie
493 1853 549 1888 cp.
571 1846 618 1877 44
636 1841 826 1886 regnandi.
854 1844 886 1884 1,
907 1843 952 1876 20

215 1890 334 1935 operis
365 1900 408 1925 ac
439 1890 592 1933 laboris,
624 1891 701 1925 erst
730 1889 770 1924 in
795 1889 867 1923 den
893 1887 956 1922 Hi-

211 1937 350 1973 storien
371 1937 447 1972 und
462 1937 641 1980 Annalen,
662 1936 870 1972 ausserdem
888 1946 958 1970 nur

210 1984 271 2020 bei
298 1983 422 2019 Silius.

260 2045 292 2078 8.
337 2043 412 2078 Der
454 2043 624 2089 mayister
666 2041 717 2077 ist
759 2041 825 2076 der
862 2040 956 2076 Vor-

212 2090 377 2126 sitzende
391 2090 456 2125 des
470 2089 869 2134 Priesterkollegiums.
891 2087 957 2122 Bei

213 2137 285 2173 den
328 2138 520 2183 pontifices
561 2137 613 2172 ist
656 2147 694 2172 es
739 2136 805 2171 der
847 2138 951 2180 pont.

211 2195 404 2220 maximus.

262 2247 316 2278 11.
354 2254 467 2288 neque
498 2243 591 2278 statt
621 2246 654 2278 et
682 2253 744 2286 ne,
783 2240 956 2286 obgleich

211 2289 300 2326 kein
319 2290 506 2326 Finalsatz
533 2290 622 2325 oder
647 2288 850 2334 Imperativ
874 2298 956 2323 vor-

211 2337 370 2383 aufgeht
400 2338 476 2372 und
508 2337 566 2372 die
598 2336 756 2371 Absicht
786 2347 855 2371 nur
891 2346 956 2369 aus

213 2384 299 2419 dem
349 2384 671 2429 Zusammenhang
719 2383 955 2427 hervorgeht.

213 2432 296 2476 Vgl.
323 2431 402 2467 Liv.
429 2435 492 2476 21,
518 2435 577 2476 43,
604 2435 646 2466 11
678 2441 743 2466 nec
773 2430 956 2465 existima-

210 2480 304 2515 ritis.
355 2482 388 2522 5,
415 2481 471 2523 53,
499 2482 519 2514 3
545 2489 609 2514 nec
633 2479 674 2514 id
705 2477 833 2513 mirati
862 2477 956 2520 sitis,

210 2526 287 2561 und
307 2537 346 2561 so
367 2525 475 2570 cst-er,
495 2526 585 2562 aber
602 2525 641 2560 in
660 2525 824 2560 direkter
842 2523 955 2559 Rode.

261 2589 314 2621 12.
347 2585 475 2622 sociali
506 2584 557 2619 ist
586 2595 760 2629 ungenau
787 2584 880 2618 statt
905 2582 953 2617 ci-

210 2633 290 2677 vili,
317 2632 414 2668 denn
439 2632 494 2667 als
520 2631 573 2667 im
591 2631 623 2666 J.
645 2634 688 2666 83
716 2631 782 2666 das
802 2629 957 2675 Kapitol

213 2679 431 2723 abbrannte,
441 2690 520 2714 war
533 2679 598 2714 der
610 2677 957 2723 Bundesgenossen-

210 2726 321 2772 kricg
353 2727 479 2772 langst
503 2726 692 2771 beendigt.
743 2725 818 2759 Das
843 2723 954 2759 Rich-

211 2773 290 2819 tige
317 2774 419 2808 steht
444 2772 530 2808 hist.
545 2777 577 2816 3,
595 2777 637 2808 72
658 2775 798 2809 arserat
817 2775 851 2807 et
870 2774 954 2806 ante

215 2819 437 2864 Capitolium
462 2821 563 2856 civili
588 2821 686 2855 bello.

262 2876 316 2907 13.
355 2872 425 2908 Die
458 2873 568 2908 Stadt
598 2873 783 2918 Erythrae
814 2872 877 2917 lag
910 2882 958 2907 an

1024 1599 1088 1634 der
1117 1598 1309 1633 ionischen
1341 1597 1459 1632 Kiiste
1492 1595 1764 1642 Klein-Asiens,

1024 1646 1090 1680 der
1114 1645 1210 1680 Insel
1237 1643 1348 1680 Chios
1375 1643 1600 1689 gegenx'iber.

1074 1696 1127 1728 16.
1156 1692 1366 1727 discernere.
1398 1690 1473 1725 Der
1499 1689 1619 1726 blosse
1643 1689 1770 1727 Infini-

1023 1739 1079 1775 tiv
1109 1739 1201 1775 statt
1230 1739 1296 1774 des
1327 1737 1580 1784 Konjunktivs
1614 1737 1703 1774 oder
1726 1741 1769 1775 ut

1024 1786 1121 1822 nach
1157 1787 1339 1831 neqotium
1375 1786 1463 1820 dare
1499 1784 1552 1820 ist
1590 1779 1654 1820 .
1688 1786 1771 1830 .,

1025 1834 1122 1869 denn
1153 1833 1248 1868 auch
1279 1832 1339 1867 bei
1370 1831 1448 1868 Liv.
1482 1836 1522 1876 3,
1549 1835 1588 1877 4,
1615 1835 1636 1867 9
1671 1830 1772 1868 steht

1025 1881 1122 1926 J'etzt
1145 1881 1280 1916 videret
1306 1880 1400 1915 statt
1422 1879 1552 1915 videre.

1079 1932 1133 1963 17.
1168 1928 1269 1963 notio
1300 1928 1393 1962 statt
1423 1926 1598 1971 coqnitio,
1632 1925 1703 1962 wie
1738 1929 1772 1972 3,

1030 1979 1074 2011 59
1106 1975 1227 2011 dilata
1257 1974 1404 2010 notione
1428 1974 1471 2009 de
1495 1973 1575 2009 iure
1598 1973 1772 2018 flaminis.

1030 2023 1078 2059 So
1114 2024 1198 2067 sagt
1230 2020 1380 2057 Tacitus
1413 2031 1557 2056 noscere
1587 2020 1683 2056 statt
1713 2030 1771 2057 co-

1027 2080 1205 2115 qnoscere.

1077 2116 1139 2153 13.
1186 2120 1216 2151 1.
1262 2116 1379 2151 iuxta.
1422 2115 1539 2150 Daftir
1573 2116 1658 2159 sagt
1686 2113 1769 2151 Liv.

1029 2169 1086 2210 26,
1106 2167 1151 2199 48
1171 2174 1213 2200 ea
1233 2163 1412 2199 contentio
1437 2173 1518 2198 cum
1537 2171 1654 2207 prope
1677 2161 1770 2198 sedi-

1028 2213 1161 2247 tionem
1202 2211 1338 2246 veniret
1408 2209 1504 2245 doch
1547 2209 1615 2244 hat
1657 2207 1773 2244 sehon

1030 2259 1186 2294 Sallust:
1213 2258 1322 2293 iuxta
1346 2257 1555 2292 seditionem
1580 2259 1695 2291 erant.

1077 2310 1109 2341 3.
1137 2305 1325 2341 adversum
1350 2303 1624 2349 gegen1iber.

1078 2358 1109 2389 6.
1154 2353 1341 2388 advectare
1378 2351 1454 2386 erst
1489 2350 1542 2385 im
1586 2349 1774 2386 silbernen

1028 2399 1170 2435 Latein.
1222 2399 1367 2434 Andere
1395 2396 1653 2433 unklassische
1685 2395 1774 2432 Fre-

1029 2445 1249 2492 quentativa
1279 2445 1340 2481 bei
1372 2444 1524 2480 Tacitus
1556 2443 1655 2479 sind:
1687 2453 1774 2479 con-

1028 2498 1185 2536 vectare,
1210 2493 1435 2535 subvectare,
1465 2493 1687 2536 despectare,
1711 2501 1772 2526 su-

1028 2544 1198 2586 spectare,
1209 2543 1402 2585 receptare,
1412 2549 1611 2581 recursare,
1621 2537 1774 2583 appelli-

1029 2592 1118 2632 tare,
1143 2588 1375 2632 redemptare.

1083 2639 1116 2671 9.
1165 2635 1208 2670 in
1255 2634 1463 2680 superbiam
1513 2631 1771 2677 accipiebatur.

1029 2682 1114 2728 Vgl.
1142 2686 1179 2726 1,
1217 2685 1262 2716 14
1297 2681 1469 2717 muliebre
1504 2679 1695 2724 fastigium
1730 2679 1773 2714 in

1029 2729 1309 2765 deminutionem
1333 2728 1393 2764 sui
1417 2727 1609 2771 accipiens.
1651 2729 1706 2769 12,
1725 2729 1771 2761 43

1029 2778 1071 2812 in
1100 2777 1323 2822 prodiyium.
1377 2778 1435 2819 16,
1471 2777 1515 2809 18
1548 2774 1590 2808 in
1622 2773 1774 2818 speciem

1029 2823 1286 2868 simplicitatis.
1331 2820 1410 2856 Liv.
1438 2824 1494 2865 21,
1521 2824 1566 2856 64
1590 2820 1633 2855 in
1658 2830 1770 2856 omen.

1030 2875 1087 2914 22,
1108 2874 1152 2906 26
1177 2871 1219 2905 in
1243 2868 1504 2905 contumeliam.
