1794 3126
559 138 707 175 LIBER
730 139 825 176 XVI.
861 138 966 175 CAP.
985 141 1112 173 8—11.

1541 136 1630 179 225

58 252 208 296 culum
244 251 376 307 longo
415 249 564 292 dolore
602 250 743 302 atrOX,
785 261 836 289 ex
874 260 959 313 quo
995 260 1270 301 percussores
1301 247 1448 290 Plauti
1483 248 1631 291 mariti

63 311 133 354 sui
151 310 334 365 viderat3
356 310 661 363 cruentamque
681 305 888 350 cervicem
907 305 999 347 eius
1019 307 1219 361 amplexa
1238 307 1440 349 servabat
1456 307 1635 363 sanguia

63 384 165 413 nem
208 372 252 412 et
292 371 434 411 vestes
476 380 714 435 respersas,
758 365 887 407 vidua
929 365 1104 420 inplexa
1145 366 1266 408 luctu
1309 367 1513 409 continuo
1551 380 1631 409 nec

65 429 168 472 ullis
200 428 417 471 alimentis
448 426 533 469 nisi
560 440 668 481 quae
693 426 879 467 mortem
905 428 1110 468 arcerent.
1159 427 1254 468 tum
1279 425 1481 468 hortante
1506 427 1630 481 patre

62 487 297 543 Neapolim
327 488 482 542 pergit.
545 487 588 528 et
619 484 721 540 quia
752 484 871 527 aditu
901 482 1086 526 Neronis
1123 485 1450 552 prohibebatur,
1487 498 1630 541 egres-
1658 496 1701 528 15

67 563 141 590 sus
179 547 397 601 obsidens,
435 545 603 587 audiret
637 545 854 587 insontem
891 557 997 593 neve
1031 544 1283 587 consulatus
1315 545 1382 587 sui
1413 544 1631 600 quondam

60 607 284 663 collegam
326 604 500 647 dederet
541 603 718 658 liberto,
761 602 889 645 modo
933 603 1132 646 muliebri
1176 604 1353 660 eiulatu,
1396 605 1629 661 aliquando

65 681 217 709 sexum
247 678 421 721 egressa
450 678 554 706 voce
584 662 755 705 infensa
785 662 1055 718 clamitabat,
1086 663 1220 706 donec
1250 663 1448 720 princeps
1479 665 1632 708 immo·

66 726 198 768 bilem
230 738 275 767 se
304 723 505 779 precibus
538 724 581 765 et
611 722 800 764 invidiae
831 722 952 764 iuxta
982 722 1182 766 ostendit.

186 783 305 840 Ergo
333 783 506 825 nuntiat
535 782 650 838 patri
680 781 847 824 abicere
879 795 999 836 spem
1029 784 1073 824 01
1102 783 1167 824 1111
1198 784 1472 827 necessitate:
1505 784 1634 826 simul
1650 784 1702 826 11

65 843 262 886 adfertur
290 842 436 898 parari
467 841 758 898 cognitionem
790 843 965 883 senatus
994 843 1038 882 et
1061 843 1227 884 trucem
1253 844 1528 898 sententiam,
1555 857 1636 886 nec

66 902 239 945 defuere
271 902 345 957 qui
376 903 600 944 monerent
630 914 788 956 magna
819 915 872 943 ex
898 902 1023 955 parte
1047 899 1248 944 heredem
1275 901 1503 945 Caesarem
1527 917 1635 946 nun—

65 976 226 1017 cupare
258 964 386 1016 atque
416 961 479 1003 ita
508 960 738 1027 nepotibus
771 959 823 1002 de
853 959 1021 1015 reliquo
1054 961 1286 1004 consulere.
1347 962 1460 1017 quod
1491 976 1635 1018 asper-

66 1023 218 1076 natus,
255 1035 310 1063 ne
349 1021 483 1063 vitam
514 1019 709 1075 proxime
739 1019 987 1062 libertatem
1020 1021 1162 1062 actam
1192 1021 1427 1064 novissimo
1459 1022 1636 1066 servitio
1662 1033 1686 1066 5

64 1074 281 1134 foedaret,
323 1079 506 1135 largitur
548 1079 594 1122 in
632 1093 779 1122 servos
819 1080 1029 1133 quantum
1066 1079 1215 1122 aderat
1252 1082 1476 1137 pecuniae3
1520 1084 1563 1124 et
1600 1082 1638 1124 si

67 1154 156 1195 qua
185 1139 401 1194 asportari
426 1141 617 1194 possent,
649 1138 732 1180 sibi
758 1151 970 1194 quemque
995 1138 1215 1196 deducere,
1245 1141 1326 1183 tris
1351 1141 1479 1184 modo
1505 1141 1638 1184 lectu·

68 1199 137 1242 los
169 1199 223 1241 ad
256 1212 456 1253 suprema-
486 1198 663 1241 retineri
693 1197 824 1240 iubet.
867 1199 972 1240 tunc
998 1197 1184 1240 eodem
1172 1214 1218 1241 111
1243 1200 1454 1256 cubiculo,
1485 1200 1638 1244 eodem

66 1258 184 1300 ferro
211 1257 468 1300 abscindunt
491 1272 633 1312 venas,
664 1257 920 1312 properique
947 1259 990 1299 et
1014 1258 1197 1313 singulis
1222 1260 1414 1304 vestibus
1440 1260 1495 1303 ad
1520 1275 1638 1303 vere·

64 1317 270 1360 cundiam
300 1317 432 1360 velati
462 1317 646 1360 balineis
681 1317 942 1371 inferuntur,
979 1319 1103 1371 pater
1134 1318 1285 1373 filiam,
1323 1320 1422 1362 avia
1451 1322 1637 1375 neptem,
1663 1330 1709 1363 10

67 1377 146 1418 illa
187 1379 394 1432 utrosque
438 1377 628 1432 intuens,
672 1378 717 1418 et
759 1376 956 1418 certatim
998 1379 1226 1431 precantes
1266 1379 1431 1422 labenti
1467 1380 1637 1422 animae

68 1436 254 1479 celerem
285 1436 462 1489 exitum,
501 1439 551 1478 ut
580 1436 871 1491 relinquerent
901 1450 1002 1478 suos
1035 1438 1286 1504 superstites
1319 1441 1362 1481 et
1392 1439 1638 1482 morituros.

72 1495 345 1551 servavitque
377 1469 572 1538 ordinem
603 1496 788 1550 fortuna,
821 1509 871 1538 ac
902 1495 1091 1538 seniores
1122 1497 1254 1552 prius,
1286 1499 1377 1540 tum
1404 1499 1474 1542 cui
1498 1499 1640 1554 prima

69 1557 190 1597 aetas
222 1554 542 1610 extinguuntur.
604 1555 794 1598 accusati
827 1557 929 1610 post
961 1555 1224 1609 sepulturam
1256 1557 1559 1614 decretumque
1590 1561 1640 1600 ut

69 1628 188 1656 more
226 1614 440 1656 maiorum
475 1614 742 1669 punirentur.
803 1616 850 1656 at
879 1613 996 1657 Nero
1027 1615 1292 1671 intercessit,
1328 1620 1513 1660 mortem
1545 1618 1639 1660 sine
1665 1628 1710 1661 15

68 1673 236 1716 arbitro
267 1674 533 1728 permittens.
583 1688 635 1716 ea
665 1673 865 1717 caedibus
896 1674 1082 1728 peractis
1113 1675 1302 1718 ludibria
1333 1676 1641 1720 adiciebantur.

125 1793 179 1825 13.
204 1790 355 1834 implexa
380 1790 481 1825 luctu
499 1790 563 1834 „in
583 1791 724 1826 Trauer
742 1800 822 1826 ver·

70 1836 252 1872 sunken“.
301 1836 345 1872 In
370 1836 491 1872 dieser
514 1837 731 1882 tropischen
756 1837 823 1872 Be-

73 1885 242 1929 deutung
268 1884 319 1919 ist
341 1884 533 1929 inplestere
557 1885 669 1930 (auch
693 1885 746 1920 im
771 1883 822 1920 ei-

70 1930 289 1977 gentlichen
303 1930 416 1967 Sinne
434 1932 603 1977 poetisch
621 1932 699 1967 und
710 1932 824 1968 nach-

5 1984 12 1992 ·
70 1943 364 2023 11100010011)ἆ’π.
391 1977 535 2023 εἰρ.1111
554 1980 698 2016 Latein.
737 1979 823 2025 Vgl.

72 2026 137 2062 bei
179 2025 417 2062 Klassikern:
460 2027 646 2072 implicari
686 2029 822 2072 morbo,

70 2074 276 2119 anyer-ibus
305 2077 339 2109 et
367 2074 547 2110 molestiis.
576 2095 620 2101 —
652 2075 720 2110 Die
752 2074 822 2111 fol-

73 2121 221 2167 genden
244 2119 422 2157 Ablative
447 2122 528 2157 sind
553 2123 719 2167 absolut,
752 2122 822 2158 wie

74 2180 114 2204 so
151 2168 280 2214 haufig
317 2169 444 2205 nullus
474 2169 544 2205 mit
575 2169 698 2206 einem
731 2170 821 2206 Sub-

70 2216 223 2252 stantiv.

126 2267 179 2298 14.
208 2264 392 2308 hortante,
424 2263 638 2308 aoristisch,
669 2264 740 2301 wie
768 2268 823 2310 15,

73 2314 120 2346 62
147 2311 354 2356 deneqante.

126 2361 180 2393 15.
213 2368 373 2403 eyressus
402 2359 455 2394 im
480 2359 608 2395 Plural
639 2359 735 2395 auch
768 2364 824 2405 15,

73 2409 132 2441 36.
162 2409 217 2450 11,
245 2409 300 2441 12.

127 2457 180 2489 17.
220 2443 321 2488 Uber
350 2454 455 2490 modo
487 2474 531 2480 —
563 2454 766 2500 aliquando
796 2466 822 2490 s.

75 2513 122 2536 zu
149 2504 204 2543 11,
231 2504 287 2535 34.

127 2551 182 2583 19.
207 2548 354 2583 invidia
379 2548 630 2594 „Vorwfirfe“.
678 2549 823 2586 Ebenso

76 2599 112 2639 3,
139 2599 183 2631 67
212 2596 393 2631 invidiam
418 2599 452 2632 et
470 2607 596 2641 preces
618 2597 823 2633 miscuerat.

77 2647 113 2686 4,
139 2646 184 2677 53
209 2643 393 2679 invidiam
418 2647 451 2678 et
470 2655 594 2688 preces
620 2645 776 2680 orditur.

128 2737 190 2773 11.
226 2741 256 2774 1.
289 2739 464 2774 nwntiare
493 2738 562 2774 mit
586 2738 743 2775 blossem
769 2739 826 2774 In-

79 2784 202 2820 finifiv
225 2785 277 2820 ist
301 2781 366 2821 ἅπ.
392 2784 460 2831 εἰρ.
504 2786 588 2832 Vgl.
618 2790 672 2830 11,
698 2790 744 2822 37
769 2788 827 2823 de-

80 2833 299 2878 numtiatque
323 2854 368 2859 -
393 2835 540 2879 exsequi
563 2835 713 2870 caedem.

129 2883 163 2914 5.
194 2881 325 2917 noviss.
355 2882 502 2917 servitio
528 2881 689 2925 „zuletzt
712 2881 829 2917 durch

81 2925 190 2962 einen
222 2926 459 2963 sklavischen
491 2929 603 2974 Akt“,
635 2929 713 2966 also
744 2928 828 2975 Adj.

152 2992 223 3018 Tac.
243 2992 356 3019 Annal.
390 2995 432 3021 ΙΙ.

894 1800 963 1835 pro
989 1790 1177 1835 adverbio,
1202 1792 1273 1827 wie
1300 1797 1356 1838 11,
1382 1798 1403 1829 3
1422 1797 1566 1830 tantum
1583 1794 1643 1829 illi

894 1838 1101 1874 secwritatis
1124 1839 1341 1876 novissimae
1363 1842 1448 1884 fuit.

943 1888 975 1919 6.
1001 1884 1070 1920 Die
1094 1885 1245 1940 Prapos.
1271 1888 1314 1923 in
1336 1888 1556 1924 bezeichnet
1579 1889 1642 1924 die

895 1931 1132 1978 Verteilung,
1164 1934 1236 1969 wie
1262 1938 1295 1980 2,
1321 1939 1342 1972 8
1367 1936 1575 1973 distrahentis
1598 1938 1642 1972 in

895 1979 1050 2024 leyiones
1072 1991 1116 2016 ac
1138 1982 1253 2017 socios
1277 1983 1444 2019 navibus.
1494 1983 1642 2020 Ebenso

895 2026 958 2062 bei
978 2027 1150 2072 dividere,
1170 2030 1324 2074 partiri,
1349 2031 1446 2068 dare.
1469 2052 1512 2058 --
1533 2024 1643 2067 111111-

894 2084 985 2119 gens
1016 2075 1261 2112 verschenkte
1293 2088 1332 2113 er
1357 2078 1512 2115 deshalb
1537 2079 1643 2122 alles,

894 2121 980 2156 weil
1005 2122 1065 2158 die
1090 2123 1348 2161 Konfiskation
1372 2125 1612 2163 bevorstand.

943 2172 975 2204 9.
1011 2172 1244 2217 properique,
1281 2173 1538 2218 pradikatives
1567 2173 1643 2209 Ad-

893 2215 1014 2261 jektiv
1045 2219 1140 2254 statt
1169 2219 1270 2256 eines
1295 2220 1482 2267 Adverbs,
1514 2222 1583 2258 wie
1610 2226 1644 2266 6,

895 2267 943 2298 44
963 2266 1085 2310 perqit
1105 2277 1294 2312 properus.
1338 2268 1426 2306 hist.
1453 2274 1486 2315 3,
1513 2273 1557 2305 47
1582 2280 1643 2305 su·

897 2311 993 2347 bitus
1017 2313 1172 2359 inrupit.
1217 2314 1429 2360 S.Ein1.§.
1457 2321 1489 2353 6.

945 2363 1000 2396 12.
1030 2371 1126 2397 suos.
1176 2362 1293 2398 Nicht
1322 2364 1381 2399 die
1407 2364 1549 2401 Kinder
1578 2365 1646 2401 der

896 2405 1055 2443 Pollitta
1083 2408 1167 2444 sind
1190 2411 1374 2455 gemeint,
1407 2413 1566 2448 sondern
1586 2413 1644 2459 je-

896 2455 963 2490 der
999 2455 1065 2490 der
1098 2456 1178 2492 drei
1210 2457 1439 2495 Sterbenden
1472 2460 1646 2495 wiinscht

897 2503 1018 2537 zuerst
1051 2515 1097 2538 zu
1129 2504 1249 2540 enden
1280 2505 1356 2541 und
1387 2517 1428 2542 so
1459 2506 1520 2542 die
1552 2507 1645 2543 zwei

897 2549 1038 2585 andern
1068 2562 1113 2585 zu
1145 2551 1413 2598 hinterlassen,
1452 2553 1513 2590 die
1544 2555 1645 2590 dann

896 2595 1043 2631 freilich
1081 2598 1177 2633 auch
1215 2600 1364 2636 sterben
1401 2601 1538 2646 0011011,
1581 2614 1647 2637 11111

897 2643 1062 2684 dadurch
1082 2645 1148 2681 der
1165 2646 1283 2682 schim
1284 2647 1452 2693 pflichen
1471 2629 1645 2685 Hn’u-ich-

897 2692 993 2737 tung
1017 2704 1062 2727 zu
1086 2694 1283 2749 entgehen.

948 2741 1003 2774 15.
1035 2751 1131 2776 more
1161 2743 1358 2787 maiorum,
1389 2743 1505 2778 durch
1535 2743 1646 2779 Stau-

899 2798 1002 2832 pung
1026 2787 1103 2823 und
1121 2788 1402 2836 Enthauptung.
1423 2811 1467 2816 —-
1485 2791 1564 2827 sine
1585 2803 1646 2827 ar-

901 2834 1006 2870 bitro.
1061 2835 1112 2870 Er
1148 2836 1276 2873 wollte
1313 2837 1425 2874 ihnen
1462 2838 1542 2875 also
1574 2839 1649 2874 den

899 2882 1138 2936 freiwilligen
1155 2883 1235 2920 Tod
1257 2885 1424 2930 (liberum
1441 2887 1568 2923 mortis
1587 2898 1649 2923 ar-

902 2929 1064 2975 bitrium)
1090 2932 1301 2976 gewahren.

1314 2996 1356 3027 15
