1774 3100
88 519 144 563 58

104 1650 150 1682 20
164 1628 278 1683 quod
322 1641 373 1669 ex
417 1642 485 1670 me
530 1628 677 1682 genita
720 1627 814 1669 est.’

160 105 214 148 78
581 104 812 142 CORNELII
836 105 999 142 TACITI
1023 105 1285 143 ANNALIUM

102 234 144 266 15
159 214 354 270 parentis
387 214 544 269 animo,
574 228 712 269 neque
745 213 884 257 evicta
914 214 960 256 in
990 214 1192 257 lacrimas
1223 228 1360 270 neque
1393 229 1497 257 voce
1529 214 1724 272 supplu,

161 273 420 327 compressis
464 273 580 315 intra
623 274 763 315 sinum
808 273 1011 316 manibus
1056 273 1282 329 gravidum
1325 276 1495 316 uterum
1537 273 1724 317 intuens.

159 331 410 374 ferebantur
434 334 478 374 et
509 332 649 387 spolia
674 331 889 374 Varianae
922 332 1068 386 cladis,
1098 332 1315 387 plerisque
1347 346 1491 375 eorum
1525 333 1599 388 qui
1629 336 1724 376 tum

162 391 207 432 in
250 390 507 433 deditionem
543 391 775 433 veniebant
817 391 1002 446 praedae
1040 391 1164 446 data,
1208 391 1336 433 simul
1375 390 1576 447 Segestes
1619 392 1725 448 ipse,

162 450 315 505 ingens
347 449 444 492 visu
476 452 519 491 et
548 449 756 492 memoria
787 450 926 492 bonae
958 449 1175 492 societatis
1207 450 1446 505 inpavidus.

278 507 426 551 Verba
458 508 548 551 eius
587 508 633 550 in
663 508 778 551 hunc
809 508 982 551 modum
1013 508 1150 551 fuere:
1189 507 1290 550 ‘non
1320 508 1390 551 hic
1421 508 1528 552 mihi
1558 509 1725 564 primus

160 581 264 624 erga
303 568 511 623 populum
543 567 788 609 Romanum
826 567 927 609 fidei
963 570 1007 609 et
1043 568 1312 610 constantiae
1344 567 1445 610 dies.
1507 581 1558 610 ex
1589 582 1673 623 quo
1698 582 1726 610 a

160 626 259 668 divo
303 626 503 681 Augusto
545 626 719 668 civitate
763 626 947 669 donatus
985 641 1099 681 sum,
1140 626 1302 669 amicos
1345 626 1626 682 inimicosque
1670 640 1723 669 ex

160 685 315 727 vestris
354 684 618 727 utilitatibus
657 685 814 741 delegi,
851 699 989 741 neque
1029 685 1128 727 odio
1166 685 1334 741 patriae
1372 683 1550 742 (quippe
1580 685 1724 740 prodi-

125 746 278 792 5tores
323 744 454 786 etiam
501 743 555 786 iis
599 758 706 800 quos
756 747 1024 799 anteponunt
1073 744 1203 787 invisi
1248 742 1388 801 sunt),
1431 759 1580 787 verum
1624 745 1727 800 quia

160 802 370 846 Romanis
397 801 707 858 Germanisque
738 802 852 845 idem
879 803 1115 846 conducere
1147 805 1190 845 et
1220 817 1371 858 pacem
1403 818 1534 859 quam
1564 803 1726 846 bellum

159 862 410 918 probabam.

485 875 588 917 ergo
632 863 853 916 raptorem
895 862 1012 904 filiae
1061 876 1197 918 meae,
1242 862 1499 904 violatorem
1542 861 1727 905 foederis

159 921 305 976 vestri,
336 919 584 962 Arminium
615 921 729 975 apud
759 919 943 973 Varum,
974 921 1048 976 qui
1078 923 1171 963 tum
1204 921 1410 964 exercitui
1442 921 1729 977 praesidebat,

160 993 280 1021 reum
324 979 418 1021 feci.

491 979 650 1021 dilatus
694 973 883 1035 segnitia
926 979 1064 1035 ducis,
1107 980 1208 1035 quia
1245 994 1398 1035 parum
1435 980 1639 1035 praesidii
1682 980 1729 1022 in

103 1049 146 1081 10
162 1038 332 1094 legibus
359 1040 463 1093 erat,
494 1040 543 1080 ut
574 1052 642 1080 me
674 1040 718 1080 et
742 1037 987 1080 Arminium
1014 1041 1058 1080 et
1089 1039 1284 1081 conscios
1309 1038 1493 1082 vinciret
1516 1038 1729 1095 flagitavi:

161 1097 286 1139 testis
326 1097 402 1138 illa
444 1111 530 1139 nox
571 1096 677 1139 mihi
721 1097 888 1139 utinam
929 1098 1076 1153 potius
1116 1098 1373 1140 novissima!

1436 1112 1545 1153 quae
1583 1101 1730 1141 secuta

162 1158 282 1212 sunt,
321 1155 465 1199 defieri
501 1156 641 1211 magis
681 1170 809 1211 quam
846 1156 1016 1199 defendi
1053 1159 1254 1212 possunt:
1292 1160 1482 1199 ceterum
1520 1158 1565 1198 et
1602 1157 1730 1199 inieci

163 1218 340 1258 catenas
372 1214 571 1257 Arminio
611 1218 655 1257 et
686 1230 711 1257 a
747 1215 938 1257 factione
983 1215 1073 1257 eius
1118 1215 1302 1258 iniectas
1345 1229 1576 1271 perpessus
1621 1230 1729 1258 sum.

166 1277 294 1329 atque
326 1274 401 1315 ubi
432 1274 620 1330 primum
655 1274 721 1315 tui
759 1274 901 1330 copia,
933 1277 1079 1316 vetera
1115 1274 1240 1317 novis
1278 1277 1322 1316 et
1359 1274 1506 1329 quieta
1549 1274 1730 1317 turbidis

105 1350 148 1381 15
164 1333 424 1388 antehabeo,
454 1347 593 1388 neque
625 1333 679 1375 ob
712 1333 971 1388 praemium,
1002 1333 1078 1375 sed
1108 1336 1157 1375 ut
1188 1347 1256 1375 me
1293 1333 1472 1388 perfidia
1503 1334 1733 1390 exsolvam,

164 1392 294 1434 simul
327 1392 447 1448 genti
478 1391 791 1434 Germanorum
822 1391 1003 1435 idoneus
1035 1392 1306 1447 conciliator,
1345 1393 1381 1434 si
1419 1392 1730 1448 paenitentiam

164 1466 292 1507 quam
325 1451 559 1506 perniciem
591 1450 802 1493 maluerit.

872 1465 951 1506 pro
989 1451 1166 1493 iuventa
1198 1454 1241 1493 et
1271 1465 1415 1494 errore
1445 1451 1526 1493 filii
1557 1452 1730 1494 veniam

163 1524 330 1566 precor:
374 1509 510 1552 filiam
553 1510 809 1552 necessitate
852 1509 936 1552 huc
980 1510 1208 1553 adductam
1250 1509 1403 1553 fateor.

1481 1512 1606 1552 tuum
1649 1510 1731 1553 erit

165 1569 429 1623 consultare,
473 1571 618 1611 utrum
662 1568 927 1624 praevaleat,
966 1569 1080 1624 quod
1118 1583 1170 1611 ex
1200 1568 1401 1612 Arminio
1439 1569 1639 1625 concepit
1674 1583 1731 1612 an

888 1626 1046 1670 Caesar
1089 1628 1289 1670 clementi
1332 1642 1539 1683 responso
1581 1628 1730 1682 liberis

163 1686 500 1742 propinquisque
539 1687 629 1729 eius
667 1686 1029 1742 incolumitatem,
1065 1687 1150 1743 ipsi
1183 1687 1326 1729 sedem
1358 1686 1519 1729 Vetera
1555 1687 1602 1730 in
1630 1700 1729 1743 pro·

163 1746 304 1788 vincia
348 1746 588 1800 pollicetur.

164 1808 339 1847 auctore
372 1804 545 1847 Tiberio
586 1804 762 1860 accepit.

668 1746 902 1788 exercitum
952 1745 1122 1788 reduxit
1170 1759 1411 1801 nomenque
1453 1746 1730 1801 imperatoris

833 1803 1023 1846 Arminii
1063 1819 1171 1847 uxor
1206 1804 1345 1847 virilis
1385 1818 1510 1847 sexus
1551 1805 1730 1860 stirpem

165 1863 315 1906 edidit:
347 1863 552 1906 educatus
584 1862 818 1905 Ravennae
849 1878 956 1919 puer
988 1878 1071 1919 quo
1110 1878 1211 1906 mox
1242 1863 1427 1906 ludibrio
1459 1863 1731 1907 conflictatus

107 1938 151 1970 25
167 1923 235 1978 sit,
267 1923 312 1964 in
343 1926 537 1978 tempore
568 1922 830 1965 memorabo.

165 2073 305 2109 mische
332 2072 599 2109 Schriftsteller
623 2073 729 2109 nicht
752 2074 910 2118 kennen,

165 2119 217 2156 ist
237 2119 297 2156 bei
322 2120 457 2156 Strabo
479 2118 707 2165 Θουσνέλὸα,
728 2121 794 2156 der
812 2120 910 2156 ihres

168 2167 311 2202 Sohnes
337 2165 577 2213 Θουμελικός.

217 2228 272 2261 15.
298 2225 423 2269 evicta,
450 2225 519 2261 wie
541 2229 596 2270 11,
617 2230 662 2261 37
689 2227 738 2262 ad
762 2227 911 2262 misera·

167 2273 300 2308 tionem
324 2273 450 2309 evicta.
506 2273 593 2308 hist.
620 2277 659 2317 2,
686 2277 732 2308 64
756 2275 798 2309 in
821 2285 912 2319 qau-

167 2320 270 2355 dium
300 2320 423 2355 evicta.
481 2319 591 2354 Sonst
621 2319 691 2355 mit
721 2321 805 2356 dem
839 2321 911 2355 Ab·

168 2366 274 2410 1ativ,
299 2365 371 2401 wie
395 2365 534 2402 bereits
559 2365 662 2412 Virg.
687 2367 779 2402 Aen.
791 2372 824 2411 4,
845 2372 915 2403 474

168 2415 286 2449 evicta
310 2414 441 2449 dolore.
486 2405 586 2449 Uber
612 2414 671 2449 die
696 2414 847 2459 Pr'apos.
873 2415 915 2450 in

168 2461 244 2507 vgl.
270 2460 369 2497 Einl.
396 2463 426 2503 ξ.
453 2464 510 2496 49.

220 2523 277 2555 16.
303 2519 378 2554 Der
402 2520 508 2555 sinus
532 2519 584 2555 ist
603 2519 667 2555 der
686 2518 818 2565 faltige
834 2519 915 2555 Teil

171 2567 235 2602 des
266 2565 416 2602 Kleides
441 2567 550 2602 unter
575 2567 641 2603 der
665 2567 787 2612 Brust,
811 2566 916 2603 nicht

171 2613 231 2649 ein
255 2612 479 2659 Korperteil.
675 2613 682 2620 '

221 2675 276 2707 18.
297 2672 462 2718 Seyestes.
500 2671 566 2707 Als
585 2671 767 2708 Pradikat
784 2672 836 2707 ist
854 2671 915 2708 ein

171 2718 271 2755 Verb
297 2719 362 2754 der
380 2718 595 2765 Bewegung
613 2731 680 2755 aus
704 2720 916 2763 ferebantur

171 2778 215 2801 zu
242 2766 475 2802 entnehmen.

218 2823 282 2859 58.
316 2827 347 2858 6.
381 2816 479 2859 Uber
511 2825 577 2860 das
602 2835 668 2859 vor
699 2835 808 2869 quam
838 2824 915 2860 feh-

170 2870 280 2906 lende
304 2872 420 2916 maqis
446 2882 473 2906 s.
500 2871 596 2907 Einl.
622 2875 651 2915 g.
680 2875 734 2916 97,
760 2871 795 2906 b.

1034 2077 1064 2108 ’1.
1085 2072 1126 2108 In
1142 2073 1343 2119 probabam
1361 2072 1456 2119 liegt
1473 2072 1535 2109 ein
1555 2073 1728 2120 Zeugma.

985 2119 1020 2155 S.
1046 2120 1142 2156 Einl.
1169 2125 1199 2164 ς.
1229 2124 1306 2156 121.
1333 2140 1378 2147 -
1403 2124 1533 2166 raptor
1556 2120 1632 2156 und
1655 2121 1731 2157 vio·

986 2168 1082 2204 lator
1119 2168 1203 2203 sind
1239 2167 1466 2203 dichterisch
1502 2167 1580 2203 und
1614 2167 1728 2204 nach-

983 2213 1179 2251 klassisch.

1033 2271 1087 2302 11.
1114 2267 1182 2302 illa
1206 2277 1292 2312 nox,
1311 2267 1385 2312 vgl.
1407 2277 1463 2312 cp.
1491 2270 1536 2303 55
1561 2277 1729 2313 supremo

986 2315 1149 2350 convivio
1174 2317 1232 2350 ott.
1444 2324 1446 2326 ·

1037 2371 1090 2402 15.
1123 2366 1318 2402 antehabeo
1348 2366 1447 2402 auch
1477 2367 1576 2403 noch
1600 2370 1640 2412 4,
1667 2369 1731 2411 113

987 2426 1056 2449 nur
1088 2413 1149 2449 bei
1175 2413 1339 2449 Tacitus.
1367 2434 1411 2440 —
1437 2414 1615 2450 eaesolvere
1639 2414 1733 2450 statt

989 2462 1155 2505 liberare,
1180 2460 1249 2496 wie
1276 2471 1332 2506 cp.
1361 2464 1416 2496 15.

1037 2523 1090 2555 16.
1136 2519 1349 2555 conciliator
1386 2519 1464 2555 und
1496 2519 1731 2556 conciliatrix

990 2567 1105 2602 sehon
1129 2565 1169 2600 in
1193 2565 1420 2602 klassischer
1442 2565 1569 2603 Prosa.

1035 2629 1091 2661 21.
1131 2624 1275 2669 Vetera,
1307 2636 1334 2661 s.
1366 2636 1412 2660 zu
1443 2635 1499 2670 cp.
1532 2628 1589 2660 45.
1644 2624 1731 2671 vgl.

987 2682 1043 2717 cp.
1069 2675 1113 2707 59
1134 2672 1261 2708 coleret
1276 2671 1434 2718 Seqestes
1448 2672 1581 2708 victam
1598 2672 1731 2717 ripam.

1035 2733 1091 2766 24.
1129 2730 1298 2766 ludibrio.
1354 2730 1445 2765 Was
1483 2729 1637 2766 Tacitus
1674 2729 1731 2766 als

989 2776 1201 2822 Erklarung
1244 2776 1466 2822 verspricht‚
1515 2776 1567 2813 ist
1609 2776 1730 2813 wahr-

991 2823 1194 2859 scheinlich
1219 2822 1289 2858 mit
1319 2824 1441 2859 einem
1466 2823 1533 2859 der
1558 2825 1731 2870 spateren
1771 2846 1774 2854 ι

989 2871 1134 2906 Βῑίοὶιει·
1158 2870 1326 2907 verloren
1349 2881 1557 2916 gegangen.
