1820 3100
601 92 748 130 LIBER
766 93 829 130 VI.
867 92 970 129 CAP.
997 97 1149 129 29-30,
1577 92 1660 135 281

104 203 312 246 occultius
356 203 601 258 exercebat3
650 202 948 257 detuleratque
998 203 1300 256 argumentum
1344 200 1595 257 tragoediae
1639 216 1664 243 a

101 262 260 305 Scauro
293 262 496 317 scriptae,
528 262 685 304 additis
716 261 911 303 versibus
944 260 1018 316 qui
1048 260 1093 302 in
1126 259 1349 302 Tiberium
1379 260 1664 302 flecterentur.

99 336 247 364 verum
281 322 335 364 ab
361 320 543 364 Servilio
576 323 619 363 et
645 318 845 363 Cornelio
873 319 1194 362 accusatoribus
1221 319 1479 361 adulterium
1504 318 1664 374 Liviae,

98 395 325 437 magorum
358 395 478 423 sacra
510 380 849 423 obiectabantur.
913 377 1117 435 Scaurus,
1159 381 1206 421 ut
1238 378 1417 433 dignum
1449 378 1664 420 veteribus

98 439 318 495 Aemiliis,
363 440 682 482 damnationem
722 439 893 494 anteiit,
933 439 1137 481 hortante
1176 436 1321 480 Sextia
1362 452 1515 494 uxore,
1559 452 1667 494 quae
1692 452 1738 484 20

98 500 431 543 incitamentum
462 499 614 541 mortis
647 501 690 540 et
720 498 940 553 particeps
971 497 1067 540 fuit.

219 559 282 602 Ac
313 561 461 601 tamen
491 560 780 612 accusatores,
820 558 855 600 si
891 557 1077 600 facultas
1107 555 1337 612 incideret,
1374 557 1522 613 poenis
1562 557 1664 599 adfi-
1679 560 1738 603 30

100 619 343 673 ciebantur,
386 621 434 660 ut
477 616 684 660 Servilius
730 616 1036 673 Corneliusque
1078 617 1246 672 perdito
1292 614 1451 659 Scauro
1495 616 1666 672 famosi,

101 678 203 733 quia
231 678 458 734 pecuniam
489 692 515 718 a
538 676 672 719 Vario
703 675 862 733 Ligure
894 676 1156 719 omittendae
1188 676 1417 718 delationis
1450 679 1666 731 ceperant,

98 738 143 779 in
173 737 339 779 insulas
370 736 598 779 interdicto
630 737 723 792 igni
756 740 885 792 atque
912 750 1021 791 aqua
1048 735 1210 778 demoti
1239 738 1349 777 sunt.
1402 738 1445 778 et
1469 734 1664 778 Abudius

98 795 216 838 Ruso
243 796 415 838 functus
443 796 661 838 aedilitate
687 795 789 838 dum
814 794 996 838 Lentulo
1018 794 1257 850 Gaetulico,
1284 795 1364 837 sub
1391 809 1475 850 quo
1501 795 1665 850 legioni

98 856 363 911 praefuerat,
400 855 639 911 periculum
670 854 867 910 facessit,
900 855 1012 910 quod
1045 855 1082 897 is
1116 853 1260 896 Seiani
1291 854 1428 896 filium
1461 868 1664 910 generum

101 914 370 970 destinasset,
400 916 514 957 ultro
547 915 778 957 damnatur
810 917 935 969 atque
961 915 1066 956 urbe
1093 914 1292 970 exigitur.
1343 912 1589 956 Gaetulicus
1617 929 1667 956 ea

99 977 359 1029 tempestate
398 974 631 1029 superioris
670 973 927 1016 Germaniae
967 974 1161 1029 legiones
1204 973 1383 1015 curabat
1423 973 1666 1029 mirumque

101 1048 290 1076 amorem
324 1034 551 1076 adsecutus
585 1036 689 1088 erat,
721 1033 883 1075 effusae
916 1033 1182 1088 clementiae,
1213 1033 1406 1075 modicus
1439 1033 1666 1075 severitate

101 1096 144 1136 et
181 1093 378 1148 proximo
417 1108 586 1149 quoque
625 1093 833 1135 exercitui
869 1107 946 1147 per
983 1091 1031 1134 L.
1063 1091 1303 1147 Apronium
1344 1106 1538 1134 socerum
1578 1107 1667 1135 non

100 1153 310 1209 ingratus.
370 1152 482 1194 unde
525 1152 642 1195 fama
686 1155 887 1195 constans
933 1167 1085 1194 ausum
1129 1152 1299 1194 mittere
1344 1152 1396 1194 ad
1438 1150 1667 1195 Gaesarem

99 1212 280 1266 litteras,
313 1211 583 1254 adfinitatem
615 1211 699 1254 sibi
730 1226 826 1254 cum
859 1210 1013 1254 Seiano
1044 1211 1160 1253 haud
1193 1213 1346 1267 sponte
1379 1211 1453 1253 sed
1485 1211 1666 1254 consilio

102 1271 263 1313 Tiberii
307 1273 528 1327 coeptam;
576 1270 753 1326 perinde
799 1285 843 1313 se
887 1286 1015 1326 quam
1059 1270 1281 1312 Tiberium
1324 1270 1418 1312 falli
1460 1271 1667 1327 potuisse,

100 1345 237 1387 neque
264 1345 452 1373 errorem
484 1331 665 1373 eundem
697 1331 762 1372 illi
795 1330 887 1372 sine
919 1330 1079 1383 fraude,
1112 1330 1209 1371 aliis
1242 1330 1374 1372 exitio
1406 1329 1665 1372 habendum.

103 1390 185 1432 sibi
210 1390 340 1432 fidem
367 1390 581 1445 integram
614 1393 669 1446 et,
701 1390 738 1431 si
769 1389 902 1431 nullis
935 1389 1102 1431 insidiis
1132 1392 1362 1445 peteretur,
1397 1403 1665 1444 mansuram3

102 1463 392 1492 successorem
423 1464 511 1492 non
543 1449 671 1492 aliter
702 1464 831 1505 quam
856 1449 1060 1491 indicium
1088 1449 1240 1491 mortis
1266 1451 1551 1504 accepturum.
1602 1449 1668 1491 fir-

102 1511 271 1550 marent
296 1508 414 1551 velut
444 1508 607 1563 foedus,
640 1523 725 1564 quo
756 1508 956 1564 princeps
990 1511 1228 1550 ceterarum
1259 1522 1402 1550 rerum
1433 1510 1668 1564 poteretur,

103 1568 196 1623 ipse
221 1568 487 1623 provinciam
513 1568 729 1610 retineret.
778 1568 896 1622 haec,
929 1568 1038 1610 mira
1069 1583 1344 1623 quamquam,
1374 1567 1501 1610 fidem
1533 1582 1584 1610 ex
1617 1582 1666 1610 eo

104 1627 350 1682 trahebant,
382 1628 494 1682 quod
527 1642 635 1670 unus
669 1628 860 1670 omnium
888 1626 1031 1670 Seiani
1064 1627 1272 1670 adfinium
1303 1627 1530 1670 incolumis
1563 1628 1669 1670 mul-

155 1783 207 1815 16.
234 1782 294 1815 tra
319 1780 452 1815 oediae.
485 1778 560 1814 Das
581 1779 698 1815 Stfick
722 1780 847 1815 ffihrte

106 1827 178 1862 den
214 1826 297 1861 Tite
351 1829 537 1870 ‚‚Atreus“
574 1827 651 1861 und
689 1827 849 1862 enthielt

104 1873 228 1910 ausser
265 1873 425 1909 anderen
462 1874 742 1919 Anspielungen
785 1875 852 1909 auf

972 1783 1004 1815 4.
1031 1780 1205 1815 Abudius
1228 1780 1280 1815 ist
1305 1780 1532 1815 unbekannt.

970 1848 1002 1880 5.
1037 1836 1138 1880 Uber
1172 1845 1354 1880 Lentulus
1388 1845 1603 1881 Gaetulicus
1641 1859 1670 1883 e.

104 1921 164 1956 die
214 1920 543 1956 Zeitverh’altnisse
594 1921 701 1956 einen
744 1921 818 1956 Ver
801 1933 848 1966 s,

105 1967 258 2004 'ahnlich
289 1967 375 2003 dem
406 1968 471 2004 des
503 1967 700 2025 Euripides
730 1968 848 2004 Ph6n.

104 2020 173 2052 396
203 2012 270 2056 τὰς
301 2016 376 2050 τῶν
407 2013 645 2061 κρατούντων
677 2012 849 2061 αμαθίας

105 2061 237 2109 φέρειν
262 2061 393 2108 χρεών.

153 2114 208 2146 17.
239 2111 377 2155 flectere
407 2110 447 2145 in
481 2110 600 2146 dieser
632 2110 851 2156 Bedeutung

107 2159 217 2217 (statt
241 2159 495 2204 interpretari,
521 2159 678 2201 trahere,
703 2159 849 2202 referre)

104 2208 153 2241 ist
177 2202 241 2240 ἅπ.
268 2204 335 2247 elo.

154 2256 209 2289 18.
236 2252 351 2289 Livia
375 2253 426 2288 ist
450 2253 510 2288 die
537 2253 686 2297 Livilla,
712 2253 772 2289 die
798 2253 851 2289 im

105 2300 137 2336 J.
165 2304 207 2336 31
241 2301 388 2345 get6tet
419 2312 514 2344 war,
546 2301 631 2336 weil
665 2301 717 2337 sie
743 2301 850 2337 ihren

106 2347 264 2384 Gemahl
283 2347 436 2392 Drusus,
462 2349 534 2383 den
555 2347 655 2384 Sohn
676 2349 740 2384 des
760 2348 846 2384 Kai-

106 2406 193 2439 sers,
219 2395 398 2440 vergiftet
422 2396 538 2432 hatte.

153 2446 208 2478 20.
254 2443 524 2478 damnationem
554 2443 695 2479 anteiit.
740 2443 848 2478 Nach

107 2489 254 2525 Cassius
280 2490 350 2525 Dio
378 2489 488 2526 sollte
515 2490 684 2526 Tiberius
716 2490 756 2526 in
780 2491 848 2526 Be-

106 2549 177 2583 zug
202 2537 269 2572 auf
286 2537 444 2573 Scaurus
464 2539 613 2594 gesagt
618 2537 757 2574 haben:
783 2537 848 2573 καὶ

108 2581 179 2629 ἐγώ
225 2598 295 2620 ovv
338 2586 480 2620 Atavtoe
524 2567 642 2620 αυτὸν
691 2582 848 2631 πθιήσω,

106 2632 236 2667 womit
268 2642 307 2667 er
337 2632 404 2667 auf
433 2632 503 2668 den
531 2632 761 2668 Selbstmord
786 2632 851 2668 des

107 2678 204 2724 Ajax
229 2679 423 2725 anspielte.

153 2738 217 2774 30.
251 2741 284 2773 3.
317 2738 455 2775 Varius
478 2739 599 2785 Liyur
629 2739 722 2774 wird
747 2742 780 2783 4,
806 2742 851 2774 42

110 2786 165 2820 als
189 2786 333 2821 adulter
358 2785 424 2821 der
441 2785 594 2831 Aquilia
613 2767 852 2822 erw‘ahntae—

110 2833 325 2869 omittendae
355 2834 570 2878 delationis;
602 2833 694 2869 uber
726 2833 854 2869 diesen

111 2876 269 2915 Genetiv
294 2892 320 2916 s.
348 2879 443 2918 Einl.
470 2884 600 2924 §.108-

920 1904 963 1926 zu
991 1897 1024 1936 4,
1045 1896 1102 1928 42.

969 1959 1002 1992 8.
1029 1967 1159 1993 curare
1178 1956 1454 2003 ,‚befehligen“,
1478 1957 1549 1992 wie
1572 1963 1603 2002 1,
1623 1961 1667 1993 31

921 2004 1130 2046 inferiorem
1165 2004 1395 2049 (exercitum)
1430 2005 1477 2040 A.
1513 2004 1670 2041 Caecina

923 2052 1086 2087 curabat.
1126 2051 1213 2087 Sall.
1229 2052 1314 2098 Jug.
1338 2055 1405 2088 100
1425 2053 1583 2089 cohortes
1601 2052 1669 2088 Li-

921 2110 1055 2144 qurum
1080 2100 1245 2135 curabat.

972 2167 1027 2199 10.
1060 2165 1253 2210 Apronius
1283 2165 1377 2200 wird
1409 2165 1525 2200 sehon
1556 2163 1608 2199 im
1636 2165 1669 2201 J.

924 2214 968 2246 28
995 2211 1050 2247 als
1070 2211 1273 2258 Propr'ator
1298 2224 1370 2249 von
1390 2211 1593 2248 Germania
1616 2212 1670 2248 in-

922 2258 1036 2295 ferior
1061 2260 1247 2305 erw‘ahnt3
1274 2265 1308 2305 4,
1331 2264 1385 2297 73.
1418 2259 1485 2295 Als
1504 2260 1670 2296 Prokon-

924 2306 982 2342 sul
1019 2318 1092 2343 von
1129 2307 1263 2343 Afrika
1300 2311 1468 2350 (18-20
1506 2320 1541 2343 n.
1568 2307 1670 2352 Chr.)

919 2364 997 2389 war
1028 2366 1068 2390 er
1100 2355 1164 2391 der
1191 2354 1412 2401 Vorganger
1442 2354 1507 2391 des
1534 2354 1668 2391 Blasus

920 2412 1102 2447 gewesen.

971 2471 1024 2503 13.
1044 2468 1200 2512 perinde
1224 2479 1346 2513 quam,
1371 2469 1441 2503 wie
1467 2471 1502 2511 4,
1522 2470 1578 2502 20.
1606 2471 1662 2513 15,

921 2517 965 2548 21
992 2515 1068 2549 und
1094 2515 1200 2550 6fter.

971 2582 1025 2615 18
1069 2580 1166 2615 mira
1202 2590 1430 2624 quamquam
1477 2569 1576 2615 Uber
1610 2578 1671 2615 die

923 2626 1158 2671 Anastrophe
1184 2638 1213 2661 s.
1232 2639 1277 2661 zu
1303 2630 1336 2671 5,
1358 2630 1390 2662 9.

975 2695 1029 2727 19.
1073 2692 1275 2728 incolumis.
1320 2690 1407 2726 Erst
1437 2692 1547 2726 unter
1575 2661 1671 2727 Cali-

925 2739 1014 2784 gula
1039 2739 1143 2774 ward
1169 2749 1209 2774 er
1227 2739 1279 2773 im
1299 2739 1414 2774 Jahre
1434 2742 1480 2774 39
1507 2738 1563 2774 als
1584 2739 1673 2775 Ver-

926 2786 1113 2822 schw6rer
1137 2784 1404 2831 hingerichtet‚
1430 2786 1613 2822 nachdem
1634 2798 1673 2823 er

926 2833 1019 2869 zehn
1037 2832 1151 2868 Jahre
1177 2833 1266 2879 lang
1292 2833 1393 2869 aeine
1413 2832 1571 2870 Provinz
1590 2845 1671 2870 ver-

928 2879 1058 2916 waltet
1083 2880 1211 2923 hatte„

1694 1103 1737 1136 10

1694 1400 1737 1432 15
