1794 3094
601 111 748 148 LIBER.
770 111 817 150 11.
866 109 970 148 GAP.
991 115 1141 148 19—22.
1573 113 1659 156 107

91 221 179 264 tela
216 222 262 263 et
296 219 554 276 proturbare
585 218 757 262 hostem
787 219 920 261 iubet.
982 218 1142 262 missae
1174 235 1197 263 ε
1227 220 1459 263 tormentis
1490 220 1659 276 hastae,
1685 232 1730 264 10

93 281 342 337 quantoque
373 278 592 334 conspicui
623 278 765 333 magis
795 282 1157 334 propugnatores,
1186 281 1312 322 tanto
1342 279 1539 335 pluribus
1564 279 1659 321 vul-

89 339 262 382 neribus
288 338 455 380 deiecti.
502 337 668 394 primus
688 336 849 380 Caesar
874 351 970 379 cum
994 339 1227 393 praetoriis
1252 339 1503 381 cohortibus
1530 340 1658 392 capto

89 398 203 441 vallo
242 397 360 439 dedit
396 396 605 452 impetum
643 397 689 438 in
729 396 880 451 silvas3
921 397 1096 439 conlato
1133 398 1223 440 illic
1263 398 1402 453 gradu
1433 399 1658 440 certatum.

88 457 259 500 hostem
287 471 313 498 a
337 458 460 512 tergo
485 456 630 511 palus,
656 455 878 499 Romanos
903 455 1066 498 flumen
1092 460 1168 499 aut
1191 460 1359 500 montes
1386 457 1656 499 claudebant.

88 516 284 570 utrisque
315 515 552 557 necessitas
583 515 628 556 in
660 516 774 568 loco,
807 529 906 571 spes
938 515 983 556 iu
1014 515 1196 571 virtute,
1229 517 1348 559 salus
1380 530 1432 558 ex
1463 515 1656 558 victoria.
1685 527 1728 559 15

205 573 296 617 Nec
321 574 466 617 minor
490 573 718 616 Germanis
746 574 933 626 animus,
969 574 1043 616 sed
1069 589 1225 631 genere
1250 589 1422 632 pugnae
1448 578 1492 617 et
1518 589 1656 617 armo-
1671 577 1726 618 21

87 647 182 675 rum
210 633 537 689 superabantur,
564 648 661 675 cum
686 634 841 689 ingens
866 633 1099 676 multitudo
1126 635 1234 677 artis
1260 635 1368 677 locis
1393 635 1657 690 praelongas

87 691 238 741 hastas
279 706 368 734 non
408 692 703 747 protenderet,
743 707 831 735 non
873 692 1114 748 colligeret,
1155 709 1295 749 neque
1333 693 1575 735 adsultibus
1613 696 1658 735 et

90 751 323 794 velocitate
349 765 578 806 corporum
603 754 808 803 uteretur,
840 755 991 795 coacta
1023 752 1179 795 stabile
1211 754 1265 795 ad
1297 753 1524 808 proelium3
1557 767 1656 794 con-

89 812 159 852 tra
195 810 341 865 miles,
382 811 451 852 cui
491 812 662 853 scutum
701 811 868 866 pectori
908 811 1161 867 adpressum
1199 815 1242 854 et
1279 812 1470 854 insidens
1503 811 1656 866 capulo
1695 823 1716 855 5

85 883 262 925 manus,
304 870 419 912 latos
464 869 749 912 barbarorum
793 873 934 922 artus,
977 870 1093 913 nuda
1133 886 1211 914 ora
1249 871 1418 914 foderet
1457 871 1656 926 viamque

86 930 234 984 strage
264 928 459 971 hostium
491 929 698 984 aperiret,
729 930 980 985 inprompto
1012 932 1100 972 iam
1131 931 1330 973 Arminio
1363 931 1419 973 ob
1452 930 1656 972 continua

84 988 288 1043 pericula,
322 988 413 1030 sive
444 988 569 1030 illum
601 1003 750 1031 recens
782 992 1007 1044 acceptum
1040 990 1196 1032 vulnus
1228 990 1489 1032 tardaverat.
1552 989 1657 1045 quin

84 1049 129 1088 et
169 1046 512 1103 Inguiomerum,
554 1050 648 1090 tota
689 1048 942 1090 volitantem
985 1048 1093 1103 acie,
1136 1049 1310 1091 fortuna
1350 1049 1487 1104 magis
1526 1062 1657 1103 quam

83 1105 222 1148 virtus
267 1105 506 1148 deserebat.
579 1109 623 1148 et
667 1107 949 1150 Germanicus
994 1122 1079 1163 quo
1124 1109 1265 1164 magis
1311 1108 1656 1164 adgnosceretur,

84 1165 329 1207 detraxerat
365 1166 557 1220 tegimen
595 1166 729 1220 capiti
767 1166 1005 1223 orabatque
1041 1167 1293 1210 insisterent
1333 1167 1557 1209 caedibus:
1594 1166 1657 1208 nil

84 1238 194 1280 opus
238 1224 440 1279 captivis,
489 1225 628 1267 solam
668 1225 999 1268 internicionem
1040 1226 1183 1281 gentis
1225 1227 1354 1268 finem
1395 1227 1509 1268 bello
1550 1225 1654 1268 fore.

1683 1119 1728 1151 10

25 1290 39 1295 “
83 1297 258 1339 iamque
296 1297 392 1325 sero
431 1282 515 1325 diei
556 1284 755 1326 subducit
786 1298 838 1326 ex
870 1285 961 1327 acie
1000 1285 1217 1340 legionem
1248 1285 1458 1328 faciendis
1490 1284 1656 1339 castris,

83 1344 251 1384 ceterae
284 1342 335 1384 ad
367 1344 541 1384 noctem
573 1357 724 1386 cruore
755 1343 947 1386 hostium
980 1344 1166 1387 satiatae
1199 1347 1311 1387 sunt.
1368 1345 1534 1400 equites
1567 1358 1654 1386 am-

83 1401 214 1457 bigue
245 1403 474 1443 certavere.
1685 1415 1727 1446 15

200 1459 406 1502 Laudatis
432 1475 512 1515 pro
545 1459 744 1503 contione
777 1461 1018 1504 victoribus
1045 1461 1205 1505 Caesar
1238 1463 1483 1518 congeriem
1518 1477 1655 1504 armo·
1669 1464 1727 1506 22

82 1533 178 1561 rum
223 1520 397 1574 struxit,
448 1520 634 1574 superbo
678 1534 775 1562 cum
817 1520 972 1563 titulo:
1022 1521 1252 1564 debellatis
1296 1522 1412 1564 inter
1456 1520 1655 1563 Rhenum

82 1577 316 1634 Albimque
346 1578 599 1621 nationibus
633 1579 867 1621 exercitum
893 1579 1056 1622 Tiberii
1083 1579 1282 1623 Caesaris
1310 1596 1361 1623 ea
1386 1581 1656 1623 monimenta

83 1635 216 1679 Marti
241 1640 285 1679 et
309 1637 405 1680 Iovi
430 1640 474 1680 et
500 1638 702 1694 Augusto
730 1639 981 1682 sacravisse.
1033 1639 1084 1681 de
1112 1655 1157 1682 se
1183 1639 1292 1682 nihil
1319 1639 1501 1694 addidit,
1536 1641 1655 1681 metu

83 1695 271 1738 invidiae
310 1711 364 1739 an
401 1699 522 1739 ratus
560 1698 868 1739 conscientiam
907 1698 1012 1741 facti
1052 1700 1158 1741 satis
1191 1713 1297 1741 esse.
1359 1713 1459 1741 mox
1491 1699 1655 1740 bellum
1682 1710 1702 1743 5

84 1754 130 1796 in
157 1755 442 1810 Angrivarios
470 1755 678 1799 Stertinio
704 1757 901 1812 mandat,
927 1758 973 1799 ni
998 1758 1262 1800 deditionem
1287 1759 1654 1814 properavissent.

85 1816 214 1870 atque
253 1814 318 1856 illi
355 1815 571 1870 supplices
608 1816 719 1857 nihil
752 1816 980 1859 abnuendo
1014 1817 1184 1859 veniam
1217 1818 1410 1860 omnium
1442 1831 1655 1872 accepere.

82 1939 236 1976 Wortes
255 1941 400 1977 stimmt
421 1954 466 1977 zu
492 1943 634 1978 librilia
654 1942 833 1989 „Schlen-

83 1987 305 2024 dersteine“.
342 1988 428 2034 Vgl.
453 1993 507 2033 13,
528 1993 586 2026 39.

133 2038 188 2070 13.
227 2036 398 2081 impetum
433 2036 522 2072 dare
556 2037 666 2082 (statt
699 2037 833 2083 facere)

83 2082 152 2117 hat
184 2085 308 2118 zuerst
340 2082 419 2119 Liv.
446 2087 485 2127 4,
513 2086 569 2119 28.
603 2088 643 2128 9,
669 2087 730 2128 43,
770 2084 835 2119 der

82 2128 181 2213 {2⁰¹²
218 2132 320 2176 sagt:
359 2135 527 2176 stragem,
565 2132 833 2177 impressionem

135 2188 182 2213 re.

133 2228 189 2260 14.
231 2223 307 2260 Der
341 2224 445 2260 Fluss
481 2224 584 2260 kann
620 2226 726 2261 nicht
769 2225 833 2261 be-

83 2270 232 2306 stimmt
255 2272 416 2308 werden.

131 2318 195 2355 21.
228 2323 260 2356 3.
292 2320 457 2366 colliqere
487 2319 832 2365 „zur1'ickziehen“;

83 2363 124 2399 in
161 2365 301 2402 diesem
339 2366 451 2403 Sinne
487 2365 552 2403 ἅπ.
580 2366 646 2413 εἰρ.
685 2388 730 2393 -—
767 2368 832 2403 ad-

83 2413 202 2449 sultus
244 2413 296 2449 ist
332 2425 398 2449 aus
432 2414 533 2461 Virg.
566 2416 658 2451 Aen.
691 2419 728 2459 5,
761 2419 831 2450 442

86 2461 134 2506 (et
156 2461 273 2496 variis
297 2462 502 2498 adsultibus
520 2463 638 2510 uryet)
660 2463 834 2498 entlehnt

84 2507 161 2542 und
198 2508 345 2543 kommt
386 2510 489 2545 sonst
525 2522 595 2545 nur
632 2510 683 2544 im
723 2511 831 2555 Spat-

85 2553 202 2590 latein
227 2566 304 2592 vor.

134 2604 167 2637 ⁷.
192 2603 422 2648 inpromptus
445 2615 516 2639 nur
539 2605 638 2640 noch
664 2604 727 2640 bei
750 2604 830 2640 Liv.

85 2648 162 2684 und
186 2648 381 2686 Ausonius.

134 2699 167 2731 8.
204 2696 280 2732 Das
317 2697 488 2733 einfache
525 2699 600 2734 sive
637 2700 731 2735 statt
768 2699 833 2734 des

86 2741 306 2789 doppeIten,
338 2743 409 2780 wie
436 2749 473 2789 1,
500 2749 521 2780 6
552 2746 640 2790 ficta
662 2757 726 2782 seu
748 2758 835 2782 vera

82 2794 272 2834 promeret.
315 2795 355 2836 2,
381 2795 428 2827 24
452 2793 533 2828 visa
562 2794 637 2829 sive
668 2805 714 2829 ex
738 2797 835 2829 metu

85 2837 224 2873 credita
254 2839 331 2874 und
356 2838 454 2875 &fter
478 2839 518 2875 in
543 2839 617 2876 den
642 2840 835 2876 Historien

86 2883 163 2917 und
186 2883 368 2922 Aunalen.

956 1947 990 1978 9.
1034 1945 1205 1988 volitare,
1242 1944 1312 1979 πίε
1353 1948 1414 1988 15,
1454 1949 1475 1980 9
1513 1948 1655 1980 turmae

906 2002 1043 2035 maqna
1066 1993 1183 2036 specie
1207 1992 1420 2028 volitabant.
1453 1992 1540 2028 hist.
1555 1996 1588 2036 2,
1607 1994 1654 2027 88

906 2039 1051 2073 tribwni
1078 2040 1324 2084 praefectique
1358 2060 1404 2065 —
1438 2039 1653 2075 volitabant.

908 2085 957 2120 So
980 2085 1095 2120 schon
1115 2085 1178 2121 bei
1198 2085 1342 2122 Cicero:
1369 2090 1442 2122 toto
1466 2087 1559 2131 foro,
1578 2089 1656 2122 tota

906 2133 1006 2176 urbe,
1031 2133 1074 2168 in
1099 2134 1212 2169 armis
1235 2135 1397 2169 volitare.

956 2183 1011 2215 13.
1047 2191 1165 2216 serum
1190 2181 1266 2216 diei
1290 2182 1374 2226 (wie
1399 2181 1557 2216 medium
1582 2181 1657 2216 diei

909 2230 970 2270 11,
997 2229 1057 2273 21)
1094 2230 1218 2263 zuerst
1251 2227 1312 2263 bei
1347 2228 1426 2264 Liv.
1454 2232 1485 2272 7,
1512 2232 1551 2272 8,
1590 2229 1657 2264 der

906 2275 1003 2310 auch
1019 2277 1121 2320 sagt:
1140 2286 1259 2311 serum
1278 2277 1383 2319 anni,
1402 2276 1529 2312 noctis.
1556 2275 1657 2311 Aber

905 2321 1118 2368 regelrecht
1160 2323 1247 2358 hist.
1280 2327 1320 2368 3,
1356 2327 1400 2359 82
1445 2324 1494 2358 ad
1535 2334 1656 2358 serum

904 2380 1017 2414 usque
1047 2370 1151 2405 diem.
1202 2361 1305 2405 Uber
1335 2371 1408 2405 den
1439 2369 1553 2405 Dativ
1589 2370 1655 2405 des

905 2416 1179 2452 Gerundivums
1205 2430 1233 2452 s.
1252 2417 1349 2453 Einl.
1371 2421 1402 2460 g.
1425 2421 1504 2461 109,
1524 2418 1558 2453 b.

952 2464 1016 2499 22.
1033 2468 1063 2499 1.
1085 2466 1279 2510 eonqeries,
1294 2464 1541 2509 unklassisch‚
1557 2463 1656 2500 doch

905 2511 1109 2558 schonnbei
1133 2512 1275 2547 Ennius
1302 2513 1402 2557 (ann.
1423 2512 1519 2557 241).

951 2562 985 2594 4.
1018 2558 1119 2594 Uber
1140 2570 1192 2594 an
1214 2559 1311 2594 ohne
1331 2558 1654 2604 voraufgehendes

904 2605 1073 2649 dubium,
1113 2607 1292 2642 incertum
1330 2618 1356 2641 s.
1383 2618 1428 2640 zu
1455 2609 1492 2650 1,
1521 2609 1575 2641 13.
1609 2626 1654 2632 —

907 2663 963 2697 cp.
991 2655 1037 2687 42
1068 2653 1175 2696 finem
1212 2654 1308 2689 vitae
1337 2656 1464 2698 sponte
1494 2664 1546 2688 an
1575 2654 1655 2697 fato

907 2699 1079 2744 implevit.

956 2750 988 2781 5.
1033 2746 1140 2790 Hier,
1183 2746 1254 2782 πίε
1290 2746 1329 2782 in
1373 2758 1429 2792 cp.
1463 2750 1526 2791 24,
1571 2747 1655 2783 sind

908 2792 1092 2829 cbenfalls
1130 2793 1190 2829 die
1227 2793 1484 2839 Ampsivarier
1522 2796 1592 2840 (cp.
1618 2796 1654 2840 8)

908 2841 1084 2886 gemeint.
1111 2862 1153 2866 —
1182 2841 1224 2876 In
1250 2841 1323 2876 den
1341 2841 1498 2877 Worten
1525 2842 1656 2878 bellum

907 2889 1078 2932 mandat,
1109 2888 1153 2924 ni
1175 2887 1272 2934 liegt
1296 2888 1356 2924 die
1382 2888 1529 2925 direkte
1554 2889 1655 2925 Rede
