1820 3100
593 61 742 108 LIBER.
758 60 822 98 IV.
865 61 969 98 CAP.
989 65 1141 99 60—62.

96 171 293 224 silentio,
331 186 383 214 ex
412 185 528 214 voce.

1568 63 1656 107 241

593 184 648 213 ne
683 184 772 212 nox
802 169 972 225 quidem
1011 184 1180 225 secura,
1217 184 1313 212 cum
1344 186 1452 214 uxor
1482 173 1657 229 vigilias
1686 185 1731 218 10

98 245 272 274 somnos
316 230 501 286 suspiria
543 229 673 272 matri
709 229 856 271 Liviae
900 230 1031 284 atque
1067 229 1145 271 illa
1182 227 1339 272 Seiano
1376 231 1659 289 patefaceret;

96 290 172 345 qui
214 290 393 333 fratrem
438 303 607 345 quoque
652 287 839 331 Neronis
881 286 1072 331 Drusum
1115 288 1251 330 traxit
1290 289 1336 331 in
1377 293 1540 346 partes,
1584 306 1660 347 spe

82 341 269 392 'obiecta
309 348 516 405 principis
561 347 666 403 loci,
709 348 747 390 si
784 347 972 403 priorem
1016 349 1156 390 aetate
1195 350 1238 390 et
1274 348 1360 390 iam
1397 349 1661 393 labefactum

94 408 369 452 demovisset.
427 410 551 450 atrox
580 405 716 450 Drusi
751 406 974 462 ingenium
1006 421 1136 462 super
1166 407 1408 462 cupidinem
1438 410 1660 463 potentiae

95 471 141 510 et
184 468 315 511 solita
363 466 568 510 fratribus
619 465 718 508 odia
766 466 1080 509 accendebatur
1127 466 1307 522 invidia,
1357 468 1470 523 quod
1520 471 1660 512 mater
1687 480 1732 513 15

95 527 341 582 Agrippina
374 526 618 582 promptior
647 524 812 568 Neroni
850 527 952 567 erat.
1026 540 1164 581 neque
1206 527 1354 569 tamen
1385 525 1566 571 Seianus
1598 529 1661 571 ita

94 585 287 628 Drusum
323 585 516 637 fovebat,
554 587 603 627 ut
639 588 728 628 non
764 585 812 627 in
843 598 940 627 eum
972 599 1142 640 quoque
1180 586 1346 628 semina
1376 586 1511 629 futuri
1542 587 1662 630 exitii

95 645 396 700 meditaretur,
421 659 579 701 gnarus
610 643 904 699 praeferocem
930 646 974 686 et
997 644 1167 686 insidiis
1193 645 1332 701 magis
1359 649 1662 701 opportunum.

203 703 320 759 ,Fine
353 704 455 747 anni
487 718 704 746 excessere
744 703 937 759 insignes
968 703 1050 746 viri
1079 703 1258 747 Asinius
1289 704 1500 762 Agrippa,
1531 706 1660 750 claris
1674 707 1731 751 61

93 763 330 806 maioribus
362 778 492 819 quam
523 764 706 806 vetustis
738 763 914 818 vitaque
945 777 1032 806 non
1065 763 1261 819 degener,
1293 767 1336 806 et
1368 764 1415 815 Q.
1441 764 1660 821 Haterius,

91 821 260 865 familia
300 823 534 875 senatoria,
567 823 853 879 eloquentiae,
891 822 1032 878 quoad
1064 822 1191 878 vixit,
1228 823 1489 881 celebratae3
1522 826 1659 868 moni-

93 884 242 924 menta
276 882 426 939 ingeni
467 882 557 924 eius
594 881 710 925 haud
746 881 923 937 perinde
963 882 1215 924 retinentur.

1291 883 1455 926 scilicet
1492 884 1660 940 impetu

91 941 234 997 magis
276 956 406 997 quam
443 956 546 984 cura
583 941 777 999 vigebat3
817 944 948 996 utque
986 941 1173 984 aliorum
1202 942 1428 985 meditatio
1462 945 1505 985 et
1535 944 1659 987 labor
1685 943 1708 976 5

91 1000 138 1042 111
173 1003 395 1068 posterum
433 1000 629 1056 valescit,
667 1001 728 1043 616
765 999 937 1042 Haterii
974 1014 1180 1043 canorum
1217 1001 1324 1043 illud
1362 1004 1404 1044 et
1440 1002 1659 1058 profluens

91 1073 190 1102 cum
223 1060 317 1115 ipso
350 1061 478 1102 simul
510 1060 746 1103 extinctum
777 1062 855 1102 est.

212 1118 270 1162 Μ.
305 1119 473 1162 Licinio
511 1119 559 1161 L.
592 1119 827 1174 Calpurnio
872 1118 1119 1161 consulibus
1162 1119 1404 1176 ingentium
1443 1122 1658 1165 bellorum
1672 1123 1730 1166 62

90 1177 259 1220 cladem
291 1179 492 1234 aequavit
516 1180 680 1221 malum
704 1178 993 1235 inprovisum,
1025 1178 1115 1220 eius
1139 1179 1309 1221 initium
1337 1180 1465 1223 simul
1491 1183 1534 1223 et
1558 1181 1659 1225 finis

93 1237 270 1280 exstitit.
333 1252 434 1280 nam
465 1240 617 1294 coepto
651 1239 763 1293 apud
794 1237 1004 1280 Fidenam
1036 1237 1355 1292 amphitheatro
1381 1239 1540 1282 Atilius
1567 1242 1658 1296 qui·

92 1296 193 1338 dam
225 1297 416 1340 libertini
449 1298 633 1353 generis,
659 1312 744 1353 quo
777 1296 1068 1351 spectaculum
1093 1297 1382 1353 gladiatorum
1408 1299 1659 1356 celebraret,

89 1369 228 1412 neque
264 1356 544 1399 fundamenta
581 1371 657 1413 per
688 1356 872 1399 solidum
910 1355 1101 1398 subdidit
1137 1371 1273 1413 neque
1303 1357 1440 1400 firmis
1470 1359 1652 1402 nexibus
1678 1371 1702 1404 5

91 1415 283 1471 ligneam
315 1430 570 1472 compagem
600 1415 905 1471 superstruxit,
936 1417 986 1457 ut
1015 1416 1088 1470 qui
1119 1431 1204 1458 non
1238 1416 1503 1461 abundantia
1533 1434 1658 1474 pecu

90 1475 189 1516 niae
220 1489 299 1517 nec
330 1475 583 1530 municipali
621 1475 875 1530 ambitione,
907 1474 982 1516 sed
1018 1474 1064 1516 in
1096 1475 1313 1518 sordidam
1345 1478 1582 1521 mercedem
1612 1478 1659 1521 id

92 1534 316 1589 negotium
370 1534 664 1590 quaesivisset.

739 1534 952 1577 adfluxere
997 1533 1111 1576 avidi
1159 1535 1331 1591 talium,
1380 1536 1657 1592 imperitante

88 1591 266 1636 Tiberio
303 1594 454 1649 procul
490 1593 790 1649 voluptatibus
831 1592 990 1648 habiti,
1030 1593 1151 1636 virile
1193 1609 1242 1637 66
1280 1569 1490 1639 muliebre
1523 1611 1658 1654 secus,

90 1708 388 1755 Wiederholung
405 1722 476 1745 nur
494 1710 578 1745 11161·
593 1710 653 1746 bei
674 1709 838 1746 Tacitus.

89 1755 177 1803 Vgl.
198 1757 276 1793 Liv.
304 1760 360 1802 21,
388 1762 444 1802 36,
472 1762 492 1793 7
517 1769 579 1794 seu
603 1759 774 1794 manibus
797 1759 840 1794 iri

89 1805 324 1851 adsurgendo
347 1816 410 1841 sea
427 1816 525 1851 yemh
546 1816 583 1841 se
601 1806 837 1842 adiuvissent.

140 1854 195 1886 11.
243 1862 402 1896 somnos,
435 1852 718 1888 (1.11.Τ16111116
750 1853 839 1889 oder

91 1897 223 1934 Worte
249 1898 314 1934 des
341 1879 600 1935 Sciilafenden.

141 1946 196 1982 14.
245 1955 354 1990 super
385 1947 478 1982 statt
498 1949 660 1991 praeter,
684 1947 755 1983 7716
779 1958 837 1993 cp.

87 1995 137 2028 46
162 1992 239 2028 und
264 1993 370 2028 ofter.

142 2043 196 2075 16.
212 2044 430 2085 promptas,
435 2038 610 2085 ,geneigu
629 2040 839 2097 zugethan“

94 2087 164 2123 mit
189 2086 273 2123 dem
298 2087 412 2123 Dativ
437 2088 503 2123 der
528 2087 669 2123 Person
691 2086 743 2123 ist
773 2083 838 2124 ἅπ.

95 2131 163 2180 sip.
222 2134 336 2170 Sonst
365 2135 434 2171 hat
465 2146 503 2171 es
535 2135 607 2171 den
637 2134 749 2171 Dativ
775 2135 840 2171 der

91 2180 212 2217 Sache
248 2182 339 2218 oder
369 2182 451 2218 eine
482 2182 734 2228 Praposition,
767 2182 838 2219 7716

85 2229 243 2274 ultioni,
267 2231 428 2275 flayitio,
453 2231 644 2266 adversum
667 2230 837 2266 insontes.

137 2279 193 2312 18.
233 2277 430 2323 praeferox
455 2277 551 2313 auch
572 2281 627 2320 14,
648 2280 702 2313 38.
747 2278 834 2313 hist.

86 2327 132 2369 4,
163 2328 220 2361 23.
254 2328 313 2360 32.
374 2325 462 2360 Erst
499 2325 571 2361 seit
601 2325 730 2360 Livius
754 2336 836 2361 vor-

90 2370 303 2408 kommend.

136 2418 200 2455 61.
258 2423 289 2455 1.
342 2409 442 2455 Uber
474 2418 664 2465 Ayrippa,
704 2419 835 2456 dessen

87 2465 198 2501 beide
230 2466 448 2503 Grossvater
477 2467 637 2503 homines
659 2468 746 2503 novi
769 2478 835 2513 ge-

88 2523 211 2549 7766611
236 2524 370 2558 waren,
396 2527 423 2550 s.
450 2525 507 2559 cp.
533 2518 590 2549 34.

136 2564 169 2597 2.
223 2560 302 2597 Vox·
336 2573 445 2607 qaam
482 2561 578 2596 fehlt
612 2562 739 2607 mayis.
798 2561 833 2597 8.

87 2606 186 2643 Ε1111.
210 2611 240 2651 §-
267 2613 325 2644 97.
357 2629 402 2635 -
433 2599 532 2644 Uber
556 2608 735 2645 Haterius
758 2609 833 2655 vgl.

87 2665 135 2689 zu
161 2659 198 2699 1,
233 2660 287 2692 13.
344 2655 454 2692 861116
488 2656 752 2692 Gewandtheit
780 2657 834 2692 im

87 2701 216 2738 Reden
230 2704 349 2740 artetc
365 2716 410 2739 zu
429 2703 687 2749 geki’instelter
705 2702 834 2740 elatee

86 2759 166 2784 6116.

102 2800 104 2803 ’
136 2800 169 2831 3.
218 2798 340 2843 quoad
371 2797 439 2834 hat
471 2797 624 2835 Tacitus
657 2810 727 2834 nur
750 2797 834 2834 hier

92 2843 167 2878 und
191 2848 223 2888 6,
250 2848 305 2881 51.

160 2909 228 2936 Tae.
247 2909 356 2938 Annal.
382 2912 406 2938 1.

960 1712 991 1744 4.
1036 1710 1138 1745 haud
1156 1711 1346 1756 perinde,
1350 1712 1502 1757 ‚nicht
1490 1725 1530 1748 m
1554 1713 1657 1749 dem-

912 1756 1041 1792 selben
1058 1757 1211 1802 Masse‘g
1237 1758 1308 1795 7716
1327 1762 1360 1804 2,
1387 1763 1432 1797 63
1457 1771 1533 1796 non
1560 1761 1653 1808 Pyr·

909 1805 1017 1840 rhum
1050 1808 1118 1840 aut
1147 1806 1371 1842 Antiochum
1402 1809 1540 1853 populo
1577 1809 1655 1846 Ro-

911 1861 1020 1887 mano
1032 1852 1188 1907 perinde
1206 1855 1412 1890 metuendos
1422 1856 1546 1899 faisse.
1566 1856 1654 1892 hist.

909 1902 944 1943 4,
964 1902 1008 1933 62
1034 1899 1137 1934 intra
1160 1901 1296 1936 vallum
1320 1902 1532 1945 deformitas
1554 1903 1658 1940 haud

904 1946 1062 1991 perinde
1085 1948 1272 1992 notabilis,
1296 1949 1373 1983 und
1397 1960 1438 1985 so
1464 1949 1571 1986 oster.

960 1996 992 2027 6.
1017 1994 1190 2030 valescere
1207 1995 1259 2030 ist
1269 1995 1440 2040 poetisch
1453 1997 1528 2032 und
1542 1998 1656 2034 nach-

910 2039 1105 2076 klassisch.
1133 2061 1177 2066 —
1203 2053 1377 2078 canoram
1401 2044 1497 2079 illud
1514 2048 1548 2080 et
1565 2056 1656 2091 pro-

910 2088 1061 2133 fluens,
1065 2087 1313 2135 ,Wohlklang
1346 2091 1422 2126 und
1454 2091 1558 2128 Flufs
1589 2093 1657 2129 der

909 2134 1046 2171 Rede‘a
1097 2135 1275 2173 Dasselbe
1288 2102 1363 2174 gbei
1387 2138 1462 2174 Cic.
1489 2139 1535 2176 de
1561 2142 1655 2178 orat.

911 2186 944 2227 3,
966 2186 985 2218 7
999 2184 1187 2228 profluens
1205 2185 1381 2230 quiddam
1392 2186 1522 2223 habuit
1536 2187 1656 2225 Carbo

909 2233 943 2265 et
976 2240 1162 2266 canorum.
1223 2232 1269 2268 de
1308 2244 1383 2269 sen.
1419 2238 1440 2270 9
1478 2246 1653 2272 canoram

908 2277 1004 2312 illud
1027 2278 1069 2313 in
1092 2289 1185 2314 voce.

954 2324 1097 2361 62.1.
1135 2326 1307 2364 Licinias
1333 2327 1487 2364 Crassus
1510 2329 1562 2365 ist
1586 2330 1653 2366 der

906 2371 1023 2408 Vater
1065 2372 1130 2409 des
1166 2373 1270 2420 Piso,
1309 2375 1381 2411 den
1418 2377 1484 2411 der
1521 2376 1654 2413 Kaiser

907 2419 1027 2456 Galba
1053 2420 1123 2456 ado
1125 2421 1273 2467 ptierte.
1292 2443 1339 2448 —
1358 2423 1403 2459 L.
1426 2422 1654 2469 Calpurnius

906 2466 1012 2512 Piso,
1043 2478 1111 2503 vor
1125 2433 1227 2504 pdem
1250 2469 1364 2505 Jahre
1388 2474 1434 2506 20
1466 2470 1536 2507 mit
1566 2472 1653 2507 dem

906 2513 1119 2550 Vornamen
1150 2515 1312 2559 Gnaeus,
1343 2518 1497 2553 anderte
1523 2518 1653 2555 diesen

907 2561 974 2596 auf
991 2560 1329 2607 Senatsbeschluss,
1354 2565 1440 2600 weil
1471 2566 1551 2601 sein
1576 2566 1652 2602 Va-

906 2609 980 2654 ter,
1025 2609 1090 2645 der
1132 2609 1248 2646 Feind
1292 2611 1356 2647 des
1400 2612 1651 2660 Germanicus,

907 2636 1056 2692 Gnaeus
1080 2656 1354 2702 1116Γ6.3,17.

954 2707 985 2738 3.
1035 2703 1185 2740 Fidena
1216 2706 1269 2741 als
1303 2705 1404 2752 Sing.
1435 2708 1560 2743 zuerst
1588 2708 1652 2744 bei

904 2750 1038 2797 virgil,
1063 2751 1163 2787 dann
1188 2753 1274 2788 sehr
1298 2753 1454 2790 selten
1442 2766 1495 2790 un
1520 2754 1652 2792 6111161·-

903 2808 978 2833 11611
1002 2798 1146 2834 Latein.

953 2849 985 2880 9.
1034 2856 1134 2883 secus
1158 2847 1253 2884 statt
1276 2858 1395 2893 sexus,
1413 2860 1482 2885 nur
1498 2849 1552 2885 im
1571 2850 1650 2886 No-

1322 2911 1365 2944 16
