1786 3120
188 115 277 157 100
620 114 854 151 CORNELII
879 114 1040 151 TACITI
1064 114 1327 151 ANNALIUM

186 226 374 266 ceterum
395 223 589 266 coloniae
611 221 760 278 Capua
780 226 909 278 atque
929 222 1116 266 Nuceria
1142 224 1299 266 additis
1319 225 1532 266 veteranis
1556 225 1755 268 firmatae

186 286 304 338 sunt,
347 282 572 338 plebeique
610 282 878 338 congiarium
923 282 1206 338 quadringeni
1242 283 1409 325 nummi
1446 283 1609 325 viritim
1652 284 1756 339 dati,

185 344 229 384 et
269 342 515 384 sestertium
553 341 929 397 quadringentiens
968 342 1134 384 aerario
1173 342 1356 384 inlatum
1388 344 1454 383 est
1485 341 1539 384 ad
1570 342 1754 385 retinen-

185 401 286 443 dam
317 401 467 456 populi
498 401 637 442 fidem.
686 400 871 455 vectigal
900 415 1074 456 quoque
1112 400 1286 467 quintae
1319 403 1363 443 et
1393 400 1651 443 vicensimae
1682 416 1754 444 ve-

117 470 163 503 10
188 460 354 502 nalium
392 459 703 514 mancipiorum
738 459 984 513 remissum,
1028 460 1167 526 specie
1205 460 1345 515 magis
1385 474 1515 514 quam
1551 460 1611 514 vi,
1655 460 1756 515 quia

188 533 285 561 cum
317 518 517 560 venditor
554 517 743 572 pendere
779 517 1015 573 iuberetur,
1051 519 1095 560 in
1127 520 1295 574 partem
1327 518 1456 574 pretii
1488 519 1753 573 emptoribus

187 577 474 620 adcrescebat.
532 576 663 618 edixit
695 575 870 630 Caesar,
907 590 962 617 ne
1001 577 1096 631 quis
1127 577 1409 633 magistratus
1443 579 1518 619 aut
1550 591 1753 632 procura-

184 639 255 679 tor
286 637 330 677 in
361 634 594 689 provincia,
627 649 755 689 quam
788 634 1012 690 obtineret,
1043 637 1336 689 spectaculum
1367 636 1654 691 gladiatorum
1680 639 1756 678 aut

184 695 373 736 ferarum
400 695 475 735 aut
506 693 620 748 quod
646 693 763 735 aliud
794 693 1006 735 ludicrum
1039 694 1193 736 ederet.
1241 710 1343 737 nam
1369 697 1470 736 ante
1495 709 1584 737 non
1610 695 1754 737 minus

116 764 159 795 15
186 753 267 795 tali
293 753 524 808 largitione
551 767 679 807 quam
705 751 987 806 corripiendis
1019 753 1210 807 pecuniis
1237 754 1450 795 subiectos
1478 753 1755 810 adfligebant,

188 812 287 854 dum
322 826 431 867 quae
462 810 641 853 libidine
674 811 960 866 deliquerant,
992 811 1158 853 ambitu
1188 815 1473 867 propugnant.

113 871 171 913 32
306 870 486 912 Factum
520 872 563 912 et
600 872 773 912 senatus
812 870 1057 912 consultum
1093 870 1251 912 ultioni
1286 871 1406 912 iuxta
1442 873 1486 913 et
1523 871 1755 927 securitati,

189 932 239 972 ut
271 930 307 972 si
338 930 433 985 quis
466 944 491 971 a
523 929 612 971 suis
645 928 778 971 servis
810 928 1063 971 interfectus
1091 931 1216 984 esset,
1246 929 1278 970 ii
1309 943 1489 984 quoque,
1520 930 1594 984 qui
1623 932 1754 972 testa-

186 991 333 1031 mento
372 1003 502 1030 manu
539 988 660 1030 missi
700 988 778 1030 sub
812 988 960 1030 eodem
996 990 1113 1030 tecto
1152 988 1429 1043 mansissent,
1464 988 1577 1030 inter
1608 1003 1753 1032 servos

187 1048 397 1102 supplicia
434 1047 683 1103 penderent.
743 1046 936 1089 redditur
971 1047 1112 1090 ordini
1144 1046 1298 1089 Lurius
1331 1046 1473 1089 Varus
1506 1048 1755 1102 consularis,

140 1117 160 1149 5
188 1107 394 1149 avaritiae
439 1106 688 1148 criminibus
734 1106 839 1148 olim
882 1107 1115 1161 perculsus.
1171 1108 1215 1147 et
1257 1105 1498 1161 Pomponia
1543 1105 1755 1148 Graecina

187 1166 373 1221 insignis
406 1165 584 1220 femina,
615 1163 667 1206 A.
693 1163 881 1220 Plautio,
914 1179 1041 1220 quem
1074 1179 1224 1208 ovasse
1257 1164 1307 1206 de
1339 1164 1564 1207 Britannis
1596 1165 1754 1221 rettuli,

186 1316 238 1353 sie
265 1317 362 1352 auch
393 1317 533 1353 diurna
561 1320 724 1352 actoru-m
747 1316 935 1362 scriptura
1008 1318 1083 1352 erst
1118 1317 1170 1351 im
1209 1316 1395 1352 silbernen
1432 1315 1754 1359 Latein·fr1‘iher

187 1364 277 1400 oder
308 1365 448 1400 diurna
473 1364 608 1410 populi
631 1363 810 1407 Romani,
842 1367 873 1409 3,
900 1367 932 1399 3.
1008 1363 1104 1399 ohne
1143 1364 1264 1399 Kasus
1303 1364 1392 1399 oder
1428 1363 1499 1399 mit
1529 1373 1621 1408 pr,o
1657 1362 1754 1399 doch

187 1415 242 1456 16,
269 1415 326 1447 22.
1002 1414 1262 1456 propuynatus
1313 1411 1427 1447 sehon
1482 1410 1544 1483 bei
1599 1409 1755 1452 Quadri-

233 1462 264 1494 6.
291 1458 454 1494 Nuceria
479 1458 563 1494 ostl.
589 1469 675 1493 vom
701 1458 837 1494 Vesuv.
1007 1458 1143 1504 garius.

234 1521 263 1552 7.
291 1517 409 1553 Unter
429 1517 501 1552 den
519 1516 678 1552 Kaisern
696 1516 746 1552 ist
763 1516 830 1552 das
850 1527 932 1552 con-

183 1565 346 1610 yiariwm
370 1564 430 1599 fiir
455 1564 521 1599 das
547 1563 664 1607 Volk,
695 1564 763 1599 das
787 1564 931 1599 donati-
1053 1552 1115 1588 32·
1162 1555 1193 1588 1·
1231 1551 1320 1586 Dleff
1357 1552 1407 1587 1⁸¹³
1444 1551 1510 1587 das
1547 1551 1643 1586 nassh
1679 1550 1753 1586 den

183 1623 268 1647 vum
310 1611 369 1645 fiir
411 1611 471 1646 die
513 1610 693 1646 Soldaten
729 1610 931 1646 bestimmt.
1007 1599 1175 1634 Konfflssn
1212 1599 1275 1634 des
1313 1599 1445 1634 Jahres
1483 1602 1528 1633 57
1565 1598 1752 1633 benannf'e

186 1658 271 1704 vgl·
300 1662 355 1703 12,
381 1661 438 1694 41,
473 1661 528 1702 14,
556 1662 610 1693 11,
1005 1649 1153 1681 senatus
1171 1646 1374 1681 consultum
1386 1646 1643 1681 Neronianum
1662 1644 1753 1680 oder

1008 1693 1263 1728 Pisonianam.
1318 1692 1442 1728 Schon
1483 1692 1535 1727 im
1577 1691 1751 1727 Senatus-

1005 1740 1217 1776 consultum
1255 1739 1488 1775 Silanianum
1525 1750 1613 1775 vom
1645 1739 1679 1774 J.
1705 1742 1751 1774 10

1004 1799 1039 1824 n.
1067 1787 1150 1823 Chr.
1177 1798 1253 1823 war
1284 1786 1494 1822 bestimmt:
1526 1786 1672 1822 domino
1696 1796 1751 1822 oc·

1005 1835 1079 1870 ciso
1098 1835 1141 1870 de
1159 1846 1201 1870 ea
1225 1834 1373 1878 familia
1397 1834 1559 1879 quaestio
1583 1833 1751 1869 habenda

1005 1885 1073 1926 est,
1112 1892 1203 1926 quae
1239 1882 1342 1916 intra
1375 1884 1506 1917 tectwm
1541 1880 1656 1924 fuerit
1696 1881 1751 1916 vel

1005 1932 1095 1964 certe
1125 1932 1231 1964 extra
1261 1931 1390 1963 tectum
1420 1939 1500 1964 cum
1533 1928 1678 1963 domino
1711 1937 1751 1963 eo

1004 1979 1169 2020 tempore,
1194 1986 1264 2021 quo
1284 1975 1523 2011 occidebatur.
1562 1974 1632 2010 Die
1655 1983 1750 2010 neue

1003 2023 1279 2067 Bestimmung,
1317 2022 1377 2058 die
1411 2022 1507 2068 jetzt
1536 2021 1749 2066 hinzukam,

1000 2069 1097 2112 wird
1126 2069 1188 2105 bei
1219 2068 1323 2105 Paul.
1356 2070 1511 2106 sentent.
1541 2073 1575 2115 3,
1601 2073 1634 2113 5,
1663 2072 1684 2104 6
1709 2078 1749 2103 so

1004 2117 1144 2152 citiert:
1169 2117 1265 2153 servi
1282 2117 1347 2161 qui
1364 2117 1431 2152 sub
1445 2117 1563 2152 eodem
1581 2118 1670 2152 tecto
1686 2115 1750 2159 fu-

1004 2165 1116 2208 erint,
1146 2165 1211 2199 ubi
1235 2164 1404 2199 dominus
1424 2164 1634 2208 perhibetur
1657 2162 1749 2198 occi-

1004 2222 1077 2254 sus,
1103 2215 1135 2246 et
1154 2214 1368 2265 torquentur
1387 2214 1420 2246 et
1432 2211 1657 2266 punirentur,
1683 2209 1750 2244 etsi

184 2281 426 2318 Steuererlass
464 2292 542 2316 war
573 2281 652 2316 also
691 2280 774 2316 eine
811 2280 931 2316 blosse
1004 2262 1212 2295 ‘mame‘nw
1254 2268 1364 2294 (καθ’
1406 2267 1620 2293 mmmmm
1661 2256 1747 2291 '‘nn“

1003 2306 1065 2342 sed
1084 2309 1116 2341 et
1139 2306 1179 2341 hi
1197 2308 1423 2350 torquentur,
1449 2305 1514 2350 qui
1535 2314 1616 2340 eum
1633 2303 1749 2339 occiso

183 2329 348 2374 Fiktion,
373 2328 460 2364 weil
480 2328 577 2373 J'etzt
595 2328 660 2362 der
677 2328 819 2363 Kaufer
839 2329 932 2363 statt
1003 2354 1045 2388 in
1075 2353 1205 2388 itinere
1234 2353 1396 2396 fuerumt
1431 2372 1477 2378 —
1509 2350 1626 2386 Emen
1656 2349 1748 2385 kon

184 2377 248 2412 des
272 2375 500 2412 Verk‘aufers
525 2387 571 2410 zu
596 2375 745 2410 steuern
769 2375 885 2410 hatte.
1003 2400 1133 2435 kreten
1171 2399 1254 2435 Fau
1292 2398 1357 2434 der
1386 2399 1456 2434 Art
1486 2397 1627 2433 erzfflsst
1660 2396 1746 2432 Tac

234 2439 288 2471 12.
320 2435 395 2470 Der
426 2437 649 2480 procurator
683 2434 747 2469 des
779 2433 931 2469 Kaisers
1006 2451 1061 2491 14
1087 2450 1144 2483 42,
1326 2441 1331 2445 ”

183 2482 234 2518 ist
258 2482 347 2517 kein
365 2483 602 2528 magistratus
614 2481 751 2526 populi
769 2480 933 2517 Romani

182 2529 236 2564 im
262 2529 513 2575 eigentlichcn
539 2528 663 2564 Sinne.

233 2592 288 2624 16.
315 2589 401 2624 dum
437 2587 602 2632 „indem,
639 2587 709 2621 da“
740 2587 811 2622 mit
840 2586 930 2622 kau-

180 2636 280 2671 saler
311 2635 548 2680 Bedeutung,
582 2634 652 2672 wie
686 2637 741 2678 14,
767 2638 810 2669 31
844 2634 931 2669 dum

183 2683 397 2718 amoenitati
425 2682 534 2727 prius
558 2692 667 2726 quam
690 2682 778 2716 usui
802 2691 929 2717 consu-

184 2731 294 2774 litur,
332 2728 409 2764 und
446 2729 552 2764 efter.
604 2727 639 2764 S.
676 2727 773 2764 Einl.
809 2731 839 2770 ἓ.
874 2731 931 2763 90.

184 2796 229 2801 -—
263 2787 503 2822 propuqnare
540 2775 610 2811 mit
650 2775 735 2810 dem
770 2775 931 2810 Aceusa·
1053 2781 1084 2812 6.
1117 2777 1280 2812 Plautio.
1324 2775 1374 2810 Er
1403 2773 1571 2809 eroberte
1601 2772 1747 2808 Britan-

181 2823 239 2858 tiv
269 2834 339 2858 nur
370 2823 450 2858 hier
474 2823 549 2858 und
577 2826 633 2866 15,
659 2826 704 2857 13
738 2832 802 2857 nec
827 2822 933 2857 aliud
1003 2823 1089 2859 nien
1116 2823 1167 2858 im
1191 2823 1223 2858 J.
1249 2826 1306 2858 43.
1333 2841 1377 2847 ——
1403 2821 1536 2864 rettuli,
1561 2820 1601 2855 in
1626 2820 1748 2856 einem

183 2880 294 2916 quam
312 2870 536 2905 munimenta
555 2869 854 2915 propuynabant.
883 2868 931 2904 So
1006 2870 1072 2905 der
1096 2870 1263 2906 verloren
1289 2878 1536 2914 gegangenen
1560 2866 1716 2903 Biicher.

233 1721 265 1753 8.
306 1718 356 1753 ad
392 1717 620 1752 retinendam
651 1716 786 1761 populi
827 1716 933 1760 fidem

184 1764 403 1810 (‚‚Kredit“).
454 1763 580 1799 Durch
618 1763 822 1798 Zuschiisse
866 1774 932 1798 aus

185 1812 307 1847 seincr
352 1810 593 1846 Privatkasse
642 1810 746 1845 hatte
794 1810 932 1845 bereits

183 1859 374 1904 Augustus
410 1857 566 1893 viermal
603 1856 663 1892 die
695 1856 932 1893 Staatskasse

183 1906 422 1941 unterstiitzt.

232 1957 264 1988 9.
285 1953 435 1998 quintae
453 1954 485 1987 et
503 1951 730 1995 vicensimae,
754 1951 833 1987 also
852 1951 932 1986 vier

183 2000 358 2045 Prozent,
391 1999 474 2035 eine
500 1998 655 2043 Abgabe
686 1997 746 2033 fur
772 1997 834 2033 die
858 2009 932 2034 von

182 2047 376 2093 Augustus
420 2045 652 2092 gegrt'indete
688 2045 931 2091 Kriegskasse

185 2095 385 2139 (aerarium
402 2094 576 2138 militare)
597 2093 673 2127 und
692 2103 765 2128 von
790 2092 931 2128 diesem

182 2153 252 2176 nur
289 2141 357 2177 auf
389 2140 479 2176 zwei
510 2141 668 2175 Prozent
704 2139 931 2185 festgesetzt,

183 2189 311 2233 spater
337 2187 480 2223 erhoht.

232 2238 288 2270 10.
338 2235 453 2279 specie
500 2235 617 2279 maqis
661 2234 726 2269 ctt.
800 2233 932 2269 Dieser

1052 2521 1085 2553 5.
1111 2518 1302 2553 avaritiae.
1337 2517 1389 2552 Er
1413 2527 1490 2552 war
1513 2515 1591 2551 also
1616 2525 1748 2560 wegen

1004 2563 1288 2610 Erpressungen
1334 2563 1640 2609 (repetumdarum)
1683 2572 1747 2597 an-

1003 2611 1162 2658 geklagt
1196 2612 1273 2647 und
1310 2622 1376 2646 aus
1413 2610 1498 2646 dem
1534 2609 1649 2644 Sonat
1682 2619 1747 2655 ge-

1005 2658 1154 2694 stossen.
1187 2680 1231 2685 —
1272 2658 1347 2694 Der
1382 2657 1499 2692 Vater
1535 2656 1600 2691 der
1638 2655 1747 2691 Pom-

1003 2707 1119 2751 ponia
1137 2717 1215 2742 war
1233 2706 1284 2741 im
1299 2706 1332 2742 J.
1349 2708 1391 2740 16
1405 2703 1546 2739 Konsul
1565 2712 1745 2748 gewesen.
1760 2750 1765 2754 ι
