1806 3120
102 581 146 614 10
172 572 437 613 convertant.

347 55 358 74 X

172 110 256 152 170

601 107 831 145 CORNELII
857 106 1018 144 TACITI
1044 106 1146 144 ANN
1148 107 1210 143 AL
1217 106 1308 143 IUM

170 232 278 273 quae
321 218 368 259 in
410 216 632 272 publicum
675 218 887 259 statueret
930 215 1046 258 domi
1089 215 1345 270 servavisse,
1387 215 1580 258 cohibita
1618 216 1734 259 intra.

123 288 146 319 5
172 276 368 331 Italiam,
421 290 682 331 quamquam
723 275 817 331 ipse
859 274 995 331 pluris
1037 289 1115 330 per
1157 274 1401 328 provincias
1446 273 1733 330 quadraginta

170 335 387 390 stipendia
430 334 701 389 explevisset.
760 334 875 376 haud
920 334 1033 376 enim
1075 333 1238 375 frustra
1279 333 1487 388 placitum
1531 333 1635 376 olim
1677 347 1732 376 ne

168 395 352 436 feminae
395 394 443 436 in
487 393 627 436 socios
681 394 756 435 aut
805 395 956 448 gentes
1006 394 1203 434 externas
1251 392 1544 439 traherentur:
1593 392 1733 435 inesse

169 453 397 495 mulierum
423 451 648 495 comitatui
674 466 782 507 quae
809 466 957 507 pacem
982 451 1097 504 Imm,
1123 451 1285 493 bellum
1309 450 1541 493 formidine
1566 465 1732 493 moren-

168 514 241 554 tur
285 513 328 553 et
370 510 613 553 Romanum
658 524 811 566 agmen
857 510 911 553 ad
954 509 1279 552 similitudinem
1322 509 1497 551 barbari
1537 509 1731 552 incessus

515 584 603 612 non
651 569 900 611 inbecillum
949 571 1119 610 tantum
1167 572 1212 610 et
1259 568 1453 623 inparem
1507 568 1729 612 laboribus

171 644 337 685 sexum,
375 628 448 671 sed
485 629 522 670 si
558 628 732 670 licentia
763 628 893 682 adsit,
931 641 1121 681 saevum,
1159 627 1459 679 ambitiosum,
1496 627 1730 682 potestatis

170 688 354 742 avidum,
384 686 580 730 incedere
611 687 725 728 inter
755 687 927 741 milites,
957 686 1117 728 habere
1149 686 1202 728 ad
1233 700 1409 728 manum
1440 686 1730 730 centuriones.

167 746 432 801 praesedisse
457 760 595 800 nuper
625 745 829 787 feminam
861 745 1062 787 exercitio
1094 744 1349 799 cohortium,
1380 744 1560 787 decursu
1591 745 1729 801 legio-

168 819 285 848 num.
317 805 562 860 cogitarent
586 804 682 859 ipsi,
708 805 905 859 quotiens
924 804 1257 859 repetundarum
1278 803 1413 859 aliqui
1433 807 1729 859 arguerentur,

100 875 144 907 15
169 864 296 919 plura
326 863 533 905 uxoribus
565 862 784 905 obiectari.
839 862 907 904 his
939 862 1086 904 statim
1118 861 1420 904 adhaerescere
1451 861 1729 905 deterrimum

171 936 383 977 quemque
431 921 784 977 provincialium,
840 921 894 964 ab
944 921 1012 963 his
1061 921 1240 976 negotia
1289 921 1469 976 suscipi,
1524 921 1732 977 transigi3

170 982 352 1023 duorum
384 994 583 1035 egressus
616 980 716 1033 coli,
749 979 831 1022 duo
864 994 957 1022 esse
988 980 1226 1035 praetoria,
1262 980 1558 1035 pervicacibus
1590 980 1732 1036 magis

172 1042 215 1081 et
240 1039 541 1094 inpotentibus
569 1038 799 1081 mulierum
825 1038 968 1092 iussis,
995 1053 1104 1093 quae
1130 1037 1283 1093 Oppiis
1310 1038 1525 1093 quondam
1549 1039 1733 1094 aliisque

170 1098 341 1153 legibus
373 1099 646 1153 constrictae,
676 1112 792 1140 nunc
822 1097 978 1140 vinclis
1011 1097 1217 1140 exsolutis
1244 1096 1406 1152 domos,
1438 1097 1546 1152 fora,
1575 1098 1662 1140 iam
1690 1099 1734 1140 et

100 1170 146 1202 20
173 1158 384 1199 exercitus
415 1158 627 1213 regerent.

99 1219 158 1261 34

288 1216 528 1259 Paucorum
553 1216 660 1258 haec
686 1215 871 1258 adsensu
896 1215 1059 1258 audita:
1091 1215 1237 1269 plures
1264 1215 1569 1266 obturbabant,
1593 1229 1733 1270 neque

170 1275 355 1317 relatum
388 1275 440 1317 de
470 1275 646 1331 negotio
678 1289 815 1330 neque
841 1273 1069 1317 Caecinam
1100 1273 1279 1329 dignum
1315 1276 1463 1315 tantae
1493 1274 1555 1315 rei
1587 1288 1733 1316 censo-

171 1349 274 1376 rem.
335 1349 436 1377 mox
465 1333 666 1376 Valerius
697 1333 975 1388 Messalinus,
1007 1332 1075 1375 cui
1106 1347 1262 1387 parens
1292 1332 1480 1375 Messala
1510 1333 1733 1388 ineratque

170 1393 316 1448 imago
355 1395 559 1448 paternae
596 1393 840 1447 facundiae,
880 1391 1104 1448 respondit
1143 1391 1281 1433 multa
1319 1391 1503 1433 duritiae
1539 1394 1733 1434 veterum

170 1452 217 1494 in
254 1451 408 1494 melius
446 1454 490 1493 et
526 1452 682 1494 laetius
721 1453 907 1506 mutata3
950 1465 1087 1506 neque
1125 1451 1258 1506 enim,
1295 1453 1344 1492 ut
1380 1450 1502 1504 olim,
1545 1450 1733 1492 obsideri

169 1511 320 1553 urbem
352 1510 479 1552 bellis
512 1512 587 1552 aut
615 1510 859 1565 provincias
891 1510 1063 1552 hostilis
1090 1524 1194 1551 esse.
1245 1511 1287 1551 et
1310 1523 1448 1563 pauca
1471 1509 1731 1551 feminarum

169 1569 502 1612 necessitatibus
546 1568 743 1623 concedi,
794 1583 904 1623 quae
947 1583 1002 1610 ne
1046 1568 1280 1623 coniugum
1325 1568 1495 1622 quidem
1538 1570 1730 1622 penates,

171 1628 277 1669 adeo
315 1628 455 1670 socios
493 1642 581 1670 non
620 1629 820 1681 onerent3
860 1629 1005 1669 cetera
1042 1627 1258 1681 promisca
1295 1640 1393 1667 cum
1430 1626 1607 1680 marito,
1646 1640 1727 1668 nec

170 1686 307 1729 ullum
344 1686 390 1728 in
427 1700 477 1729 eo
514 1686 635 1742 pacis
672 1686 1040 1741 impedimentum.
1101 1685 1214 1726 bella
1250 1685 1377 1740 plane
1415 1685 1620 1727 accinctis
1652 1685 1726 1727 ob-

219 1793 251 1825 9.
282 1790 443 1825 incessus
473 1791 555 1825 hier
579 1789 700 1835 „Zug‚
726 1789 914 1834 Aufzug“;

170 1836 233 1873 bei
258 1837 476 1872 Klassikern
509 1837 573 1872 der
599 1836 724 1882 Gang,
760 1836 821 1872 die
846 1835 917 1872 Art

171 1884 237 1919 des
264 1884 420 1920 Gehens.

221 1934 276 1966 13.
307 1931 497 1975 feminam,
529 1930 694 1966 n‘amlich
724 1930 915 1975 Plancina,

171 1978 231 2013 die
255 1978 353 2013 Fran
380 1979 443 2014 des
470 1979 573 2021 Pis03
600 1978 677 2023 vgl.
697 1981 730 2020 2,
751 1981 808 2013 55.

221 2029 275 2060 17.
301 2036 462 2070 eyressus
480 2025 563 2069 coli,
583 2024 666 2060 eine
684 2024 916 2060 rhetorische

170 2072 469 2118 Umschreibung
488 2073 553 2107 des
578 2073 759 2115 deducere,
786 2071 916 2107 womit

171 2130 259 2154 man
284 2119 351 2153 das
370 2118 633 2165 Ehrengeleite
652 2130 726 2154 von
748 2118 915 2154 Bekann-

169 2166 236 2201 ten
268 2166 344 2201 und
379 2165 555 2202 Klienten
592 2166 838 2201 bezeichnete.
870 2186 915 2192 ——

166 2214 358 2258 praetoria
366 2214 462 2249 ohne
471 2213 791 2258 voraufgehendes
798 2213 915 2259 quasi,

171 2259 237 2295 der
264 2259 490 2305 Steigerung
515 2270 657 2304 wegen.

221 2309 274 2341 18.
306 2306 447 2352 Oppiis,
474 2307 540 2342 der
562 2307 699 2351 Plural‚
725 2306 795 2342 wie
819 2306 916 2342 auch

173 2354 277 2389 sonet
312 2353 375 2389 bei
412 2354 609 2396 Gesetzen‚
647 2353 733 2388 weil
770 2353 823 2388 sie
862 2353 916 2388 oft

172 2411 238 2436 aus
258 2400 547 2436 verschiedenen
566 2399 831 2446 Paragraphen
850 2399 913 2435 be-

173 2448 315 2485 stehen.
366 2448 435 2483 Die
466 2448 527 2482 lex
553 2446 691 2493 Oppia,
719 2446 778 2482 die
802 2447 854 2481 im
880 2448 913 2483 J.

172 2498 243 2529 215
269 2495 439 2540 gegeben
463 2495 540 2530 und
564 2495 661 2529 trotz
686 2495 750 2530 des
769 2494 914 2529 Wider·

172 2542 323 2577 standes
356 2541 421 2577 des
455 2541 506 2577 M.
531 2541 683 2577 Porcius
718 2541 809 2576 Cato
847 2544 914 2576 195

171 2589 405 2633 abgeschafft
436 2600 531 2634 war,
561 2589 810 2624 beschrankte
842 2587 914 2624 den

172 2635 297 2670 Luxus
335 2636 400 2671 der
435 2636 580 2671 Frauen
616 2635 656 2670 in
691 2635 818 2680 Bezug
850 2634 919 2670 auf

173 2681 462 2727 Goldschmuck,
489 2681 677 2728 Kleidung
700 2682 777 2717 und
803 2682 915 2726 Equi-

199 2739 305 2773 agen.

172 2740 196 2774 p
219 2775 285 2812 34.
308 2780 338 2811 1.
352 2787 464 2822 neque
475 2776 639 2812 relatum.
665 2776 813 2822 Wenng
814 2774 915 2811 leich

173 2821 273 2857 daun
314 2823 390 2858 und
433 2833 542 2858 wann
586 2823 647 2858 ein
689 2788 915 2858 Abwegichen

173 2879 247 2905 von
272 2869 338 2904 der
363 2870 658 2916 Tagesordnung
682 2870 848 2915 vorkam‚
874 2880 914 2905 so

987 1789 1167 1824 brauchte
1181 1787 1241 1823 die
1251 1787 1444 1834 Majoritat
1457 1799 1496 1824 es
1510 1789 1606 1824 doch
1625 1788 1733 1824 nicht

989 1847 1033 1870 zu
1059 1835 1208 1881 dulden.

1036 1886 1068 1918 3.
1083 1874 1184 1917 Uber
1199 1882 1427 1917 Messalinus
1439 1882 1528 1918 oder
1542 1882 1731 1927 Messalla,

990 1931 1093 1966 Sohn
1106 1930 1171 1965 des
1183 1928 1349 1964 Redners
1364 1928 1542 1965 Corvinus
1556 1929 1731 1975 Messala,

988 1977 1064 2022 vgl.
1084 1989 1128 2012 zu
1155 1980 1186 2020 1,
1207 1981 1240 2012 8.

1036 2027 1068 2059 5.
1100 2027 1143 2058 ut
1172 2024 1277 2067 olim,
1307 2023 1472 2058 namlich
1496 2022 1548 2058 im
1574 2022 1732 2060 zweiten

987 2071 1194 2117 punischen
1219 2069 1365 2115 Kriege.

1036 2121 1069 2153 8.
1102 2118 1192 2153 adeo
1220 2127 1297 2152 mn
1322 2117 1415 2152 statt
1437 2117 1569 2152 nedum
1593 2117 1644 2152 ist
1668 2116 1732 2152 sil-

989 2165 1120 2201 bernes
1144 2164 1292 2208 Latein;
1325 2168 1358 2207 6,
1387 2167 1429 2199 15
1455 2175 1500 2199 ne
1524 2167 1616 2200 tecta
1646 2165 1727 2209 qui-

988 2213 1068 2248 dem
1085 2212 1199 2256 urbis,
1226 2212 1314 2246 adeo
1332 2211 1518 2256 publicum
1536 2211 1730 2247 consilium

987 2270 1178 2305 nunquam
1203 2259 1309 2294 adiit.
1343 2257 1432 2292 hist.
1457 2260 1490 2301 3,
1517 2261 1562 2293 39
1587 2258 1730 2294 nullius

989 2307 1171 2352 repentini
1193 2305 1352 2347 honoris,
1377 2305 1467 2340 adeo
1490 2315 1566 2339 non
1586 2305 1729 2349 princi-

984 2357 1097 2398 patus
1117 2354 1298 2397 adpetens.
1322 2350 1469 2386 Ebenso
1482 2351 1543 2386 bei
1552 2351 1729 2397 Vellejus,

988 2400 1073 2436 dem
1099 2400 1242 2435 alteren
1265 2397 1407 2433 Plinius
1431 2397 1508 2433 und
1534 2397 1685 2435 Sueten.

1035 2451 1067 2482 9.
1087 2448 1213 2492 plane,
1232 2472 1253 2489 „
1245 2456 1365 2489 „zwar
1377 2445 1618 2490 allerdings‘g
1633 2446 1730 2481 auch

987 2495 1084 2529 ohne
1113 2492 1307 2538 folgendes
1338 2493 1400 2527 sed
1426 2496 1482 2537 13,
1508 2497 1529 2527 6
1554 2493 1730 2528 damam

981 2542 1095 2586 plane
1119 2541 1379 2576 documentum.
1413 2542 1468 2582 13,
1495 2542 1552 2574 50.
1584 2539 1729 2575 Hochst

987 2587 1119 2631 selten,
1143 2586 1239 2622 doch
1261 2586 1377 2621 sehon
1395 2585 1458 2622 bei
1477 2585 1550 2621 Cic.
1571 2586 1620 2622 ad
1638 2586 1727 2622 fam.

987 2639 1025 2679 6,
1051 2638 1114 2678 21,
1141 2638 1159 2669 1
1186 2635 1309 2678 itaque
1338 2643 1413 2678 eqo,
1444 2644 1547 2679 quem
1576 2636 1654 2670 twm
1680 2653 1723 2660 —-

985 2681 1155 2717 timidum
1178 2691 1249 2716 esse
1273 2680 1442 2715 dicebant
1467 2682 1581 2725 (eram
1597 2680 1726 2725 plane,

986 2729 1153 2764 timebam
1177 2727 1272 2763 enim
1295 2738 1341 2762 ne
1364 2727 1546 2763 evenirent
1570 2737 1613 2763 ea

987 2774 1213 2819 acciderunt)
1239 2774 1333 2809 idem
1357 2785 1457 2810 nunc
1487 2773 1583 2809 nihil
1611 2775 1727 2810 timeo.

987 2821 1134 2858 Ebenso
1181 2821 1388 2866 gebraucht
1431 2821 1583 2856 Tacitus
1630 2820 1730 2856 nach

988 2869 1114 2905 Cicero
1138 2869 1217 2905 sine
1241 2868 1363 2905 dubio.
