1820 3100
571 99 718 137 LIBER
740 98 803 136 VI.
841 98 1116 136 cAP..3⁷-38.
1546 98 1629 142 287

69 209 254 253 secunda
286 224 424 265 neque
456 209 676 264 diuturna,
713 208 815 264 quia
852 222 1000 250 eorum
1038 223 1147 264 quae
1178 210 1296 250 terra
1327 208 1504 250 caelove
1535 223 1630 263 por-

66 269 344 312 tenderentur
393 269 550 311 certior
597 268 722 323 fides,
770 267 999 309 fluminum
1040 266 1255 310 instabilis
1299 270 1456 309 natura
1480 267 1630 313 ,simul

67 328 312 372 ostenderet
349 328 495 371 omina
530 329 796 383 raperetque.
858 326 932 368 sed
969 329 1101 381 ponte
1138 327 1322 369 navibus
1361 326 1511 368 effecto
1548 329 1632 367 tra-

66 388 287 443 missoque
319 388 508 430 exercitu
537 386 702 443 primus
736 385 1009 441 Ornospades
1041 386 1193 429 multis
1225 386 1417 441 equitum
1454 385 1631 427 milibus

65 447 110 489 in
142 450 293 503 ‚castra
330 447 465 502 venit,
502 446 601 489 exul
639 445 855 502 quondam
894 448 936 487 et
973 445 1169 500 Tiberio,
1207 460 1305 488 cum
1343 444 1633 487 Delmaticum

64 507 228 549 bellum
273 506 518 561 conficeret,
566 505 681 548 haud
724 504 937 559 inglorius
989 505 1223 548 auxiliator
1272 519 1406 561 eoque
1457 504 1633 546 civitate

68 565 266 609 Romana
297 566 490 620 donatus,
521 579 621 607 mox
651 565 838 619 repetita
869 564 1060 607 amicitia
1091 564 1206 620 regis
1233 564 1370 606 multo
1397 562 1510 619 apud
1536 579 1633 606 eum

67 625 246 680 honore,
273 624 515 680 praefectus
542 624 707 679 eampis
734 624 806 679 qui
826 622 1052 679 Euphrate
1078 627 1122 666 et
1142 623 1274 680 Tigre
1298 623 1474 666 inclutis
1501 624 1634 665 amni-

68 685 150 727 bus
185 683 424 741 circumflui
447 683 789 739 Mesopotamiae
819 698 979 726 nomen
1009 686 1276 738 acceperunt.
1324 697 1461 738 neque
1498 683 1634 726 multo

65 746 167 799 post
199 742 405 786 Sinnaces
444 744 575 799 auget
613 743 780 798 copias,
817 745 861 784 et
898 743 1094 785 columen
1131 743 1322 798 partium
1353 742 1633 799 Abdagaeses

68 817 220 859 gazam
251 804 295 845 et
325 804 503 858 paratus
535 803 678 858 regios
717 801 860 844 adicit.
924 801 1129 845 Vitellius
1162 804 1405 844 ostentasse
1437 801 1634 844 Romana

66 877 188 905 arma
219 863 324 905 satis
356 864 476 904 ratus
509 864 658 904 monet
683 861 905 904 Tiridaten
935 862 1245 917 primoresque,
1276 862 1403 916 hunc,
1434 861 1632 904 Phraatis

65 922 135 964 avi
167 924 210 964 et
241 921 391 964 altoris
424 920 622 964 Caesaris
656 935 848 977 quaeque
886 921 1118 977 utrubique
1156 921 1337 976 pulchra
1374 921 1633 975 meminerit,

63 981 163 1023 illos
196 981 448 1035 obsequium
479 981 524 1023 in
555 994 721 1036 regem,
759 980 1046 1022 reverentiam
1076 981 1123 1022 in
1153 995 1255 1034 nos,
1293 981 1420 1023 decus
1453 981 1633 1036 quisque

66 1055 191 1083 suum
235 1043 279 1083 et
320 1040 449 1082 fidem
492 1039 741 1082 retinerent.
803 1039 902 1081 exin
947 1055 1044 1082 cum
1087 1040 1331 1095 legionibus
1375 1040 1421 1082 in
1463 1039 1634 1083 Suriam

63 1100 284 1142 remeavit.

1658 277 1703 310 10

1660 572 1703 604 15

1659 868 1704 901 20

186 1158 305 1209 Quae
337 1158 502 1200 duabus
535 1157 774 1200 aestatibus
807 1162 929 1213 gesta
961 1158 1184 1213 coniunxi,
1223 1173 1306 1214 quo
1346 1159 1632 1214 requiesceret
1647 1155 1704 1197 38

65 1218 234 1260 animus
273 1233 299 1260 a
337 1217 581 1260 domesticis
620 1216 764 1271 malis3
805 1231 893 1259 non
932 1217 1047 1259 enim
1089 1216 1327 1274 Tiberium,
1368 1233 1630 1275 quamquam

65 1277 251 1320 triennio
282 1279 383 1333 post
414 1276 587 1319 caedem
613 1275 769 1331 Seiani,
802 1290 910 1332 quae
942 1278 1105 1318 ceteros
1137 1277 1304 1319 mollire
1336 1279 1487 1333 solent,
1518 1280 1627 1320 tem-

65 1352 146 1392 pus
190 1351 336 1391 preces
382 1336 514 1378 satias
555 1335 834 1390 mitigabant,
876 1336 984 1391 quin
1022 1336 1187 1378 incerta
1228 1337 1294 1379 vel
1338 1337 1502 1380 abolita
1544 1352 1624 1394 pro

65 1396 334 1452 gravissimis
366 1401 408 1438 et
438 1395 681 1437 recentibus
713 1395 896 1450 puniret.
945 1409 994 1437 eo
1027 1398 1145 1438 metu
1170 1395 1388 1439 Fulcinius
1418 1397 1533 1452 Trio,
1564 1398 1625 1439 in-
1651 1402 1672 1434 5

66 1454 260 1510 gruentis
294 1457 564 1498 accusatores
601 1454 718 1496 haud
754 1469 1003 1510 perpessus,
1041 1456 1253 1510 supremis
1290 1456 1453 1498 tabulis
1492 1457 1630 1498 multa

67 1516 110 1556 et
140 1514 302 1557 atrocia
328 1514 372 1556 in
398 1514 646 1556 Macronem
671 1528 720 1556 ac
746 1513 999 1569 praecipuos
1024 1514 1279 1557 libertorum
1306 1514 1505 1558 Caesaris
1532 1531 1630 1558 0011-

65 1574 230 1629 posuit,
260 1573 346 1629 ipsi
381 1573 542 1615 fluxam
581 1573 698 1615 senio
737 1575 929 1615 mentem
960 1575 1003 1614 et
1034 1574 1239 1617 continuo
1273 1575 1476 1618 abscessu
1508 1575 1628 1618 velut

66 1633 240 1676 exilium
272 1633 541 1675 obiectando.
591 1647 699 1688 quae
725 1632 778 1675 ab
804 1632 1032 1675 heredibus
1065 1634 1278 1676 occultata
1308 1635 1483 1677 recitari
1507 1635 1629 1677 Tibe-

64 1692 153 1734 rius
185 1692 324 1747 iussit,
355 1692 614 1747 patientiam
645 1692 857 1734 libertatis
890 1691 1058 1734 alienae
1090 1695 1313 1736 ostentans
1342 1697 1385 1736 et
1410 1698 1628 1749 contemp·
1656 1698 1699 1730 10

65 1753 136 1793 tor
167 1766 268 1793 suae
300 1751 522 1806 infamiae,
560 1766 616 1793 an
653 1751 861 1794 scelerum
895 1750 1039 1794 Seiani
1078 1752 1149 1794 diu
1186 1753 1357 1796 nescius
1400 1768 1500 1796 mox
1532 1769 1634 1809 quo·

68 1825 152 1865 quo
196 1810 323 1853 modo
368 1810 483 1853 dicta
527 1811 698 1867 vulgari
741 1811 933 1852 malebat
976 1811 1280 1867 veritatisque,
1332 1813 1400 1854 cui
1444 1813 1635 1855 adulatio

72 1869 224 1924 officit,
255 1884 332 1924 per
362 1870 523 1925 probra
555 1870 707 1912 saltem
739 1883 900 1924 gnarus
931 1869 1037 1912 fieri.
1098 1870 1234 1913 isdem
1266 1871 1414 1914 diebus
1447 1871 1634 1914 Granius

73 1927 324 1971 Marcianus
357 1931 547 1983 senator,
586 1943 611 1970 a
647 1927 693 1971 G.
727 1927 922 1971 Graccho
962 1929 1203 1972 maiestatis
1240 1931 1507 1986 postulatus,
1547 1932 1636 1974 vim

117 2083 148 2115 9.
175 2090 288 2125 neque
313 2081 406 2115 statt
430 2080 492 2115 sed
515 2090 601 2123 non,
627 2080 696 2115 wie
722 2079 811 2125 Agr.

68 2130 89 2163 8
109 2131 214 2163 extra
231 2127 414 2163 invidiam
437 2138 502 2163 nec
525 2131 632 2163 extra
656 2129 813 2173 yloriam

68 2179 156 2211 erat.
206 2174 284 2211 Liv.
311 2179 344 2219 3,
370 2178 416 2210 55
446 2176 525 2210 sine
554 2176 633 2210 ulla
667 2176 814 2211 iniuria

67 2233 132 2258 nec
166 2222 245 2258 sine
278 2223 481 2266 offensione.
534 2226 571 2266 5,
598 2226 642 2258 22
676 2223 814 2268 oppida

70 2273 287 2316 oppuynata
310 2280 376 2306 ‘nec
399 2270 551 2306 obsessa..

117 2321 171 2353 13.
204 2317 458 2353 Delmaticum.
493 2316 543 2352 Es
569 2317 620 2352 ist
644 2317 709 2352 der
734 2317 812 2352 dal-

67 2364 501 2407 matisch-pannonische
526 2365 709 2401 Aufstand
739 2375 813 2400 von

69 2414 162 2447 6-9
187 2424 222 2448 11.
244 2410 345 2456 Chr.,
378 2411 496 2447 durch
519 2411 691 2448 Tiberius
716 2412 814 2447 nach

70 2459 356 2495 verzweifeltem
379 2458 645 2494 Widerstande
668 2458 814 2494 nieder-

68 2507 307 2552 geschlagen.

118 2557 173 2589 14.
208 2554 429 2598 auaeiliator,
464 2554 524 2589 bei
559 2553 711 2589 Tacitus
746 2551 811 2589 ἅπ.

70 2598 149 2645 εἰει,
170 2601 315 2637 kommt
334 2602 407 2636 erst
426 2601 498 2636 seit
516 2601 715 2637 Petronius
734 2611 812 2646 vor,

71 2646 170 2683 dann
196 2647 252 2684 oft
278 2648 339 2684 bei
364 2648 675 2684 Kirchenvittern.

121 2700 176 2731 17.
203 2696 437 2741 circumfluus
461 2695 531 2731 mit
562 2695 732 2741 passiver
752 2695 822 2730 Be-

72 2740 259 2789 deutung,
293 2744 355 2779 bei
379 2742 465 2779 Tac.
491 2742 599 2778 nicht
624 2742 740 2787 oster,
772 2743 823 2779 ist

72 2787 312 2826 dichterisch.

119 2839 176 2872 21.
234 2837 303 2874 Die
354 2837 570 2874 Schreibart
625 2838 823 2882 utrubique

79 2883 178 2918 statt
211 2886 402 2930 utrobique
434 2885 551 2922 findet
588 2884 668 2921 sich
704 2885 821 2921 hand-

885 2079 1098 2115 schriftlich
1118 2081 1225 2127 oster,
1251 2095 1280 2119 z.
1302 2082 1345 2117 B.
1367 2082 1445 2119 Cic.
1467 2084 1525 2120 ad.
1547 2083 1633 2119 fam.

932 2174 996 2210 38.
1023 2179 1056 2212 4.
1090 2178 1182 2222 quin
1205 2177 1280 2213 fast
1304 2177 1433 2224 gleich
1458 2180 1538 2223 secl,
1562 2179 1634 2215 wie

886 2233 941 2305 opt.
970 2227 990 2258 6
1030 2233 1104 2259 non
1139 2226 1375 2271 proteyebant
1414 2228 1506 2272 quin
1541 2228 1632 2271 fate-

885 2281 924 2305 re
940 2281 997 2305 ur.

934 2320 967 2353 5.
999 2317 1100 2362 Trio,
1126 2319 1175 2354 im
1196 2319 1228 2356 J.
1244 2323 1287 2354 31
1308 2321 1462 2366 Konsul,
1491 2333 1568 2357 war
1587 2326 1632 2357 32

885 2375 958 2400 von
984 2364 1159 2401 Haterius
1192 2368 1417 2414 angeklagt,
1449 2370 1538 2404 aber
1570 2370 1637 2404 auf

886 2411 946 2447 die
986 2412 1251 2460 Verwendung
1295 2415 1360 2451 des
1407 2416 1632 2461 Sanquinius

884 2460 1087 2495 verschont
1114 2462 1280 2505 worden,
1307 2475 1335 2498 s.
1355 2475 1411 2508 cp.
1431 2466 1464 2498 4.

933 2509 966 2542 8.
999 2508 1165 2543 abscessu
1195 2508 1246 2544 ist
1276 2510 1452 2546 kausaler
1476 2510 1633 2547 Ablativ

886 2555 979 2589 statt
999 2558 1166 2600 propter,
1192 2555 1272 2591 hier
1291 2556 1351 2592 ffir
1371 2558 1537 2593 absentia
1557 2559 1633 2594 und

886 2601 926 2635 in
951 2601 1094 2637 diesem
1121 2602 1233 2638 Sinne
1258 2600 1322 2640 ἅπ.
1343 2603 1410 2648 εἰρ.

944 2652 998 2684 10.
1025 2653 1254 2694 contemptor,
1277 2653 1400 2687 zuerst
1418 2652 1478 2687 bei
1499 2652 1639 2689 Sallust

894 2697 969 2731 und
995 2695 1129 2742 VirgiL
1156 2696 1256 2733 dann
1281 2699 1459 2745 haufiger.

944 2746 998 2778 14.
1040 2743 1076 2780 0.
1106 2744 1294 2781 Gracchus
1330 2758 1408 2783 war
1444 2746 1496 2782 im
1531 2747 1563 2783 J.
1591 2751 1636 2783 32

894 2790 959 2825 des
984 2790 1352 2829 Einverstandnisses
1382 2795 1451 2829 mit
1475 2794 1637 2830 Tacfari·

893 2838 960 2873 nas
979 2838 1195 2884 angehlagt,
1222 2840 1312 2876 aber
1336 2841 1638 2888 freigesprochen

894 2886 1043 2921 worden
1069 2890 1102 2930 4,
1126 2890 1179 2923 13.
