1820 3100
592 91 739 128 LIBER
762 91 825 128 IV.
875 90 978 128 CAP.
1005 94 1110 127 ’1-9,
1556 93 1644 135 205

83 201 284 257 adloquia
307 200 498 254 tolerari,
523 200 595 242 vix
619 199 734 241 diem
761 198 898 254 aspici
922 213 948 241 a
977 199 1195 254 plerisque
1219 199 1474 253 lugentium.
1505 213 1644 254 neque

80 260 181 302 illos
224 259 523 302 inbecillitatis
567 257 853 313 damnandos3
902 271 948 300 se
990 259 1136 299 tamen
1186 257 1373 299 fortiora
1417 257 1579 299 solacia
1622 273 1644 300 e

80 318 306 374 complexu
330 318 394 360 rei
418 315 616 373 publicae
640 317 859 372 petivisse.
908 316 1224 372 miseratusque
1249 315 1474 371 Augustae
1506 318 1643 359 extre-

79 392 196 419 mam
235 379 468 430 senectam,
506 375 655 417 rudem
694 375 833 418 adhuc
862 377 1069 430 nepotum
1102 378 1146 417 et
1177 377 1425 431 vergentem
1457 377 1645 417 aetatem

80 450 220 492 suam,
257 438 311 478 ut
337 435 579 478 Germanici
615 434 761 490 liberi,
797 434 926 477 unica
962 434 1254 490 praesentium
1286 434 1498 476 malorum
1530 434 1644 476 leva-

80 497 239 550 menta,
263 494 565 537 inducerentur
590 494 755 548 petivit.
809 494 972 549 egressi
998 494 1194 536 consules
1221 493 1415 535 firmatos
1443 493 1643 548 adloquio

80 554 422 596 adulescentulos
467 553 756 607 deductosque
798 555 898 594 ante
939 550 1170 594 Caesarem
1216 554 1426 594 statuunt.
1489 552 1643 607 quibus

81 612 303 667 adprensis
340 611 500 667 ‘patres
533 611 785 666 conscripti,
822 610 918 653 hos'
951 611 1093 667 inquit
1124 610 1316 653 ‘orbatos
1347 613 1527 666 parente
1558 614 1644 653 tra-

79 671 168 713 didi
204 674 359 726 patruo
400 670 595 725 ipsorum
630 672 918 726 precatusque
957 685 1072 725 sum,
1115 685 1376 726 quamquam
1422 672 1536 712 esset
1578 670 1644 712 illi

78 731 256 784 propria
281 729 466 784 suboles,
490 743 545 771 ne
572 743 693 771 secus
719 744 849 785 quam
876 743 1002 771 suum
1028 729 1285 785 sanguinem
1311 729 1487 785 foveret,
1514 729 1643 771 attol-

80 789 199 843 leret,
231 788 397 843 sibique
430 791 473 830 et
504 788 688 843 posteris
715 788 1017 831 conformaret.
1067 791 1217 843 erepto
1242 787 1386 830 Druso
1412 802 1562 842 preces
1589 788 1643 830 ad

76 861 153 889 vos
185 850 385 890 converto
418 847 568 902 disque
601 849 644 888 et
674 847 818 902 patria
849 861 993 889 coram
1027 848 1239 889 obtestor:
1271 848 1459 902 Augusti
1489 861 1642 901 prone-

77 908 218 960 potes,
250 906 499 949 clarissimis
531 906 768 948 maioribus
801 906 989 962 genitos,
1022 907 1238 960 suscipite,
1269 906 1420 962 regite,
1452 909 1642 948 vestram

77 979 301 1020 meamque
332 965 469 1007 vicem
501 965 681 1019 explete.
744 965 790 1006 hi
821 965 964 1019 vobis,
994 964 1110 1007 Nero
1143 968 1186 1006 et
1217 965 1374 1020 Druse,
1411 967 1641 1019 parentum

75 1024 183 1066 loco.
232 1025 296 1066 ita
324 1024 417 1066 nati
449 1024 566 1079 estis,
596 1026 646 1065 ut
675 1024 792 1066 bona
822 1023 1020 1079 malaque
1051 1026 1196 1065 vestra
1228 1024 1281 1065 ad
1307 1038 1397 1065 rem
1422 1024 1643 1078 publicam

76 1082 346 1136 pertineant?

195 1141 357 1197 Magno
389 1156 441 1183 ea
470 1141 574 1183 fletu
606 1143 651 1183 et
676 1155 777 1183 mox
801 1141 1122 1197 precationibus
1150 1141 1306 1183 faustis
1332 1141 1496 1196 audita3
1531 1156 1580 1183 ac
1607 1141 1643 1183 si

77 1199 252 1242 modum
284 1200 470 1243 orationi
501 1201 737 1255 posuisset,
775 1200 1071 1242 misericordia
1110 1201 1175 1242 sui
1213 1200 1436 1256 gloriaque
1474 1200 1642 1243 animos

79 1259 341 1301 audientium
365 1259 637 1314 impleverat:
669 1258 723 1301 ad
749 1274 863 1301 vana
895 1262 938 1301 et
966 1259 1129 1302 totiens
1161 1259 1296 1301 inrisa
1325 1260 1559 1314 revolutus,
1590 1259 1642 1301 de

77 1317 292 1360 reddenda
331 1332 377 1359 re
418 1317 591 1372 publica
631 1320 763 1372 utque
804 1318 1003 1360 consules
1045 1333 1120 1360 seu
1161 1318 1256 1372 quis
1299 1319 1408 1360 alius
1448 1319 1639 1374 regimen

78 1377 358 1431 susciperent,
389 1391 490 1419 vero
523 1391 691 1431 quoque
723 1378 767 1418 et
797 1377 980 1419 honesto
1005 1377 1135 1418 fidem
1160 1377 1359 1432 dempsit,
1408 1377 1642 1419 memoriae

77 1434 210 1477 Drusi
258 1435 404 1477 eadem
454 1450 562 1490 quae
611 1435 658 1476 in
709 1434 1011 1478 Germanicum
1060 1436 1366 1490 decernuntur,
1424 1436 1642 1491 plerisque

79 1493 256 1549 additis,
299 1495 348 1535 ut
384 1494 518 1536 ferme
558 1496 675 1539 amat
712 1495 928 1550 posterior
968 1495 1172 1537 adulatio.
1231 1494 1362 1536 funus
1402 1495 1643 1550 imaginum

77 1567 236 1608 pompa
266 1553 450 1595 maxime
487 1553 670 1595 inlustre
706 1553 808 1609 fuit,
846 1568 943 1596 cum
976 1554 1098 1610 origo
1130 1553 1267 1595 Iuliae
1298 1554 1440 1610 gentis
1473 1554 1642 1596 Aeneas

79 1688 85 1694 ·
127 1683 181 1715 14.
213 1681 340 1716 rudem
371 1680 533 1724 „unreif,
563 1679 822 1716 unerfahren“.

79 1726 261 1772 Obgleich
296 1728 349 1763 sie
374 1738 430 1773 cp.
459 1731 479 1762 3
506 1728 627 1763 adulti
658 1730 826 1773 genannt

78 1773 239 1817 werden,
259 1785 300 1810 so
319 1774 510 1819 mangelte
523 1774 638 1810 ihnen
653 1775 750 1810 doch
763 1774 824 1810 die

79 1819 301 1867 Errahrung.
325 1842 369 1847 —-
397 1832 538 1866 vergere
555 1833 642 1857 vom
661 1821 821 1857 Lebens-

80 1868 176 1903 alter
201 1879 270 1912 „zu
293 1867 400 1903 Ende
424 1869 582 1913 gehen“,
616 1868 686 1903 wie
711 1873 751 1913 2,
776 1872 823 1904 43

79 1925 184 1950 suam
220 1918 372 1950 aetatem
408 1926 556 1960 veryere.
607 1919 647 1960 4,
674 1919 717 1950 41
746 1926 824 1951 ver·-

78 1965 181 2006 yente
221 1962 297 1996 iam
338 1965 488 1997 senecta.
542 1961 609 1996 Bei
651 1962 825 1997 frtiheren

81 2007 374 2043 Schriftstellern
411 2020 482 2043 nur
512 2018 585 2043 von
607 2008 683 2049 ⁴der
712 2008 824 2044 Rich-

78 2055 173 2100 tung
196 2054 249 2089 im
274 2054 416 2090 Raume
442 2055 658 2100 gebraucht‚
683 2054 735 2090 im
762 2055 824 2090 sil-

83 2101 222 2137 bernen
252 2101 384 2137 Latein
415 2103 512 2138 auch
540 2113 614 2138 von
640 2103 706 2137 der
731 2102 823 2137 Zeit.

132 2152 189 2183 20.
219 2159 319 2185 secus
349 2160 458 2203 quam
490 2149 586 2184 auch
612 2153 651 2193 6,
677 2153 722 2184 22
747 2149 824 2184 und

81 2197 263 2231 zerstreut
299 2196 361 2232 bei
398 2196 470 2232 den
507 2196 711 2232 Komikern
748 2196 825 2231 und

81 2242 314 2287 Klassikern,
340 2243 437 2279 &fter
460 2243 523 2279 bei
547 2243 685 2279 Livius.

126 2293 183 2326 21.
203 2291 343 2336 sibique
355 2294 388 2326 et
398 2290 564 2335 „sowohl
572 2311 614 2316 —
624 2290 680 2326 als
693 2291 824 2326 auch“.

3 2362 9 2364 >
80 2336 116 2372 s.
132 2336 231 2372 nini.
252 2340 283 2380 §-
304 2340 362 2382 65,
380 2337 416 2374 b.

125 2387 182 2419 22.
209 2395 331 2420 coram
354 2383 394 2419 in
418 2384 675 2431 Anastrophe,
699 2384 825 2420 hinter

80 2431 172 2467 zwei
219 2431 501 2467 koordinierten
546 2431 822 2468 Substantiven.

81 2477 118 2513 S.
136 2477 232 2514 Einl.
253 2482 284 2521 §-
308 2482 386 2522 116,
406 2479 431 2515 f.

127 2528 185 2560 23.
221 2526 411 2571 suscipite,
439 2527 560 2572 reyite.
610 2525 679 2562 Die
703 2525 824 2572 Impe-

79 2571 199 2608 rative
224 2573 357 2608 stehen
382 2573 638 2618 asyndetisch,
664 2573 734 2609 wie
758 2583 825 2619 ge-

79 2619 269 2654 wbhnlich
294 2620 389 2655 auch
413 2620 475 2655 bei
499 2620 728 2656 Klassikern.

127 2669 184 2701 24.
203 2665 303 2702 Nero
323 2667 397 2702 und
418 2667 568 2703 Drusus
586 2668 668 2703 sind
687 2667 748 2703 die
770 2666 825 2701 'al-

80 2712 205 2748 testen
227 2712 350 2749 Sbhne
374 2714 440 2749 des
460 2713 714 2750 Germanicus.
750 2715 826 2749 Der

82 2758 208 2803 dritte,
229 2759 409 2806 Caligula,
423 2760 514 2796 wird
528 2761 634 2796 nicht
647 2761 824 2806 genannt‚

83 2806 170 2841 weil
194 2818 234 2842 er
259 2810 336 2843 erst
360 2808 453 2842 zehn
476 2808 589 2843 Jahre
614 2809 669 2843 alt
692 2819 780 2844 war.

127 2853 166 2888 9.
202 2858 234 2889 3.
268 2855 489 2900 impleverat.
533 2847 633 2891 Uber
664 2855 735 2890 den
766 2855 823 2890 In-

896 1681 1043 1717 dikativ
1065 1694 1092 1717 s.
1114 1681 1208 1718 Einl.
1230 1685 1260 1724 ξ.
1283 1685 1361 1717 103.
1390 1703 1431 1707 —
1458 1683 1643 1719 revolutus

896 1728 966 1764 wie
994 1732 1049 1771 16,
1071 1732 1114 1763 18
1133 1730 1317 1764 revolutus
1342 1730 1393 1764 ad
1416 1730 1520 1765 vitia.
1553 1729 1641 1765 hist.

896 1780 929 1820 3,
955 1780 1000 1810 26
1032 1777 1188 1811 victoria
1219 1777 1268 1811 ad
1301 1777 1456 1812 inritum
1489 1777 1642 1813 revolve-

896 1824 1015 1858 batwr.
1053 1823 1135 1868 Vgl.
1157 1823 1220 1858 Cic
1239 1823 1355 1859 Acad.
1380 1835 1435 1868 pr.
1462 1828 1495 1869 2,
1522 1827 1567 1859 48
1592 1824 1643 1859 ad

888 1871 1014 1915 patris
1037 1871 1201 1905 revolvor
1231 1871 1462 1914 sententiam,
1496 1871 1574 1906 und
1600 1881 1641 1906 so

897 1916 1004 1952 efter.
1018 1936 1062 1942 -
1077 1917 1121 1952 de
1133 1917 1318 1952 reddenda
1330 1937 1376 1943 —
1387 1921 1508 1963 utque,
1521 1929 1643 1963 gegen

897 1963 956 1998 die
970 1962 1215 1998 Konzinnitat
1234 1963 1304 1998 wie
1326 1967 1359 2007 1,
1375 1968 1419 1999 14
1438 1966 1514 1999 und
1533 1965 1640 2000 lister.

897 2010 933 2045 S.
952 2009 1048 2044 Einl.
1070 2013 1099 2052 ξ.
1123 2014 1201 2054 119,
1224 2014 1278 2045 11.

946 2059 978 2091 5.
1002 2058 1193 2092 memoriae
1211 2061 1270 2092 ctt.
1296 2057 1371 2093 Der
1389 2058 1502 2094 Dativ
1521 2059 1642 2094 wech-

897 2103 970 2139 selt
994 2104 1065 2139 mit
1089 2104 1155 2146 det
1179 2103 1330 2150 Prapos.
1350 2105 1405 2148 in,
1428 2105 1499 2141 wie
1522 2109 1576 2151 12,
1596 2110 1641 2142 55

895 2151 968 2187 vim
993 2152 1194 2187 cultoribus
1218 2155 1251 2187 et
1276 2153 1476 2197 oppidanis
1500 2164 1545 2188 ae
1563 2154 1641 2198 ple-

895 2208 1045 2244 rumque
1057 2199 1099 2234 in
1111 2202 1323 2234 mercatores
1335 2210 1379 2235 ae
1390 2201 1643 2236 navicularios

897 2246 1090 2281 audebant.
1131 2249 1187 2290 13,
1207 2250 1251 2281 21
1278 2247 1451 2282 ultionem
1474 2248 1518 2282 in
1541 2248 1641 2283 dela-

896 2296 991 2328 tores
1015 2296 1048 2328 et
1066 2294 1237 2338 praemia
1261 2294 1389 2330 amicis
1413 2295 1583 2330 obtinuit.

945 2343 976 2375 6.
1007 2340 1188 2386 plerisque
1219 2341 1331 2385 „sehr
1354 2341 1511 2378 vieles“.
1553 2342 1640 2387 Vgl.

896 2398 941 2422 zu
966 2391 999 2432 3,
1022 2391 1052 2422 1.

945 2438 977 2470 7.
1021 2438 1063 2470 ut
1104 2435 1215 2478 ferme
1252 2438 1352 2470 amat
1395 2435 1466 2470 mit
1501 2448 1545 2470 zu
1584 2446 1640 2471 er-

895 2481 1125 2524 ganzendem
1144 2481 1308 2517 Infinitiv
1321 2482 1398 2517 und
1414 2481 1641 2517 saohlichem

897 2526 1092 2573 Subjekte‚
1135 2529 1387 2574 unklassisch,
1431 2529 1535 2572 doch,
1564 2530 1640 2575 vgl.

897 2573 986 2609 Sall.
1012 2575 1098 2621 Jug.
1125 2579 1169 2610 41
1196 2586 1239 2611 ea
1263 2587 1355 2621 quae
1378 2577 1556 2611 secundae
1586 2587 1642 2612 res

898 2625 1035 2658 amant.
1079 2621 1168 2657 Hor.
1190 2623 1248 2658 od.
1276 2626 1309 2666 2,
1336 2626 1369 2667 3,
1389 2626 1410 2657 9
1435 2633 1506 2668 quo
1524 2624 1643 2668 pinus

1672 451 1715 483 15

1669 747 1714 779 20

1669 1037 1714 1070 25

1669 1146 1696 1188 9

897 2668 1027 2713 inqens
1068 2669 1221 2714 albaque
1265 2669 1429 2714 populus
1475 2671 1643 2706 umbram
1679 2700 1682 2703 .

896 2715 1109 2759 hospitalem
1134 2718 1341 2752 consociare
1366 2720 1502 2752 amant.
1530 2721 1563 2760 3,
1586 2721 1640 2762 16,

898 2765 943 2796 19
969 2773 1102 2798 aurum
1128 2774 1196 2808 per
1225 2764 1361 2799 medios
1390 2764 1445 2799 ire
1471 2765 1644 2801 satellites

945 2812 1118 2903 Sama-90
1155 2857 1317 2893 konkret
1350 2858 1435 2902 „die
1470 2859 1626 2896 Ahnen“
