1794 3126
106 969 162 1011 29

173 93 259 135 236

608 91 840 128 CORNELII
864 90 1023 126 TACITI
1047 90 1308 127 ANNALIUM

174 202 365 244 carmina
401 201 674 243 factitantem
706 200 876 242 eludere
914 200 1074 254 inpune
1106 200 1308 242 sinerent.
1361 200 1575 254 requirere
1607 214 1652 243 se
1685 201 1733 244 in

176 262 330 303 senatu
362 261 640 315 consularem,
671 259 717 301 in
743 259 854 301 votis
881 258 1159 314 sacerdotem,
1190 258 1237 300 111
1261 257 1353 300 iure
1377 258 1559 302 iurando
1585 260 1734 316 civem,

172 319 259 363 nisi
284 321 435 363 contra
459 319 658 361 instituta
683 320 727 360 et
751 318 1033 361 caerimonias
1060 318 1272 360 maiorum
1297 317 1560 372 proditorem
1589 319 1734 374 palam

105 390 148 422 10
175 381 218 422 et
240 379 411 421 hostem
437 378 628 420 Thrasea
652 377 873 419 induisset.
918 377 1100 432 denique
1126 390 1253 433 agere
1279 379 1520 419 senatorem
1546 380 1590 420 et
1616 378 1733 435 prin-

176 438 282 506 cipis
309 438 622 481 obtrectatores
652 439 880 491 protegere
910 436 1060 478 solitus
1086 436 1262 490 veniret,
1294 438 1486 478 censeret
1516 436 1618 492 quid
1643 450 1733 479 cor-

173 497 258 553 rigi
289 499 365 539 aut
397 496 557 538 mutari
593 496 740 537 vellet:
780 494 950 537 facilius
986 496 1227 550 perlaturos
1264 495 1434 550 singula
1471 495 1733 551 increpantis

173 570 322 599 vocem
348 570 476 610 quam
496 569 609 596 nunc
630 554 849 596 silentium
875 553 1114 608 perferrent
1133 554 1277 596 omnia
1297 554 1555 597 damnantis.
1585 568 1735 610 pacem

174 615 236 656 illi
255 629 332 669 per
351 614 500 656 orbem
525 615 678 667 terrae,
704 627 760 654 an
778 613 983 655 victorias
1003 613 1095 655 sine
1120 613 1277 655 damno
1301 613 1562 655 exercituum
1587 613 1734 669 displi-

107 685 149 716 15
176 673 300 716 cere?
337 687 390 714 ne
415 672 635 715 hominem
661 672 785 714 bonis
812 671 996 726 publicis
1023 674 1253 727 maestum,
1279 674 1322 714 et
1346 672 1420 728 qui
1444 672 1540 714 fora
1563 672 1737 715 theatra

174 732 336 786 templa
372 746 450 786 pro
483 731 711 774 solitudine
748 730 943 785 haberet,
982 731 1054 786 qui
1088 731 1359 774 minitaretur
1389 731 1565 774 exilium
1597 745 1737 787 suum,

176 791 425 833 ambitionis
456 805 614 846 pravae
646 792 891 845 compotem
921 790 1124 832 facerent.
1175 804 1263 832 non
1294 789 1359 832 illi
1391 791 1587 834 consulta
1615 791 1736 846 haec,

174 865 264 893 non
290 850 570 905 magistratus
598 851 672 892 aut
690 849 928 891 Romanam
947 849 1098 891 urbem
1117 849 1263 891 videri.
1302 849 1577 905 abrumperet
1601 850 1736 892 vitam

178 910 232 951 ab
260 923 310 951 ea
336 909 521 964 civitate,
548 908 667 951 cuius
693 908 916 951 caritatem
943 908 1059 963 olim,
1083 922 1197 950 nunc
1223 910 1266 949 et
1291 910 1511 963 aspectum
1537 909 1737 952 exuisset.

297 967 403 1011 Cum
441 982 518 1023 per
553 968 661 1010 haec
699 971 827 1023 atque
865 967 972 1009 talia
1001 966 1254 1022 Marcellus,
1291 970 1340 1009 ut
1378 969 1470 1009 erat
1505 970 1654 1011 torvus
1686 982 1737 1011 ac

177 1027 340 1083 minax,
377 1041 480 1070 voce
510 1027 632 1070 voltu
664 1027 797 1069 oculis
829 1026 1086 1081 ardesceret,
1122 1041 1211 1069 non
1247 1026 1325 1068 illa
1354 1028 1458 1068 nota
1490 1029 1533 1068 et
1562 1026 1740 1070 celebri-

175 1088 267 1130 tate
302 1087 594 1142 periculorum
631 1089 754 1128 sueta
790 1086 876 1128 iam
915 1088 1088 1128 senatus
1127 1084 1364 1140 maestitia,
1408 1086 1481 1127 sed
1517 1099 1656 1129 novus
1694 1089 1740 1129 ct

177 1146 304 1188 altior
340 1160 475 1201 pavor
505 1160 658 1187 manus
691 1148 735 1187 et
769 1146 857 1187 tela
887 1145 1073 1187 militum
1111 1144 1404 1200 cernentibus,
1441 1145 1568 1187 simul
1603 1144 1738 1201 ipsius

130 1216 150 1247 5
177 1204 393 1247 Thraseae
423 1204 682 1246 venerabilis
715 1205 877 1259 species
910 1204 1234 1259 obversabatur3
1267 1206 1309 1246 et
1339 1206 1462 1246 erant
1493 1204 1565 1260 qui
1592 1204 1738 1247 Helvi-

177 1263 295 1306 dium
321 1279 489 1319 quoque
508 1264 828 1318 miserarentur,
853 1263 1054 1306 innoxiae
1081 1263 1314 1305 adfinitatis
1339 1277 1500 1318 poenas
1527 1263 1737 1306 daturum.

176 1323 279 1378 quid
305 1323 549 1380 Agrippino
576 1323 790 1365 obiectum
815 1323 899 1364 nisi
923 1323 1091 1364 tristem
1119 1322 1255 1378 patris
1286 1322 1536 1365 fortunam?
1567 1322 1738 1390 quando

177 1384 220 1423 et
251 1382 322 1424 ille
353 1382 529 1437 perinde
561 1383 766 1424 innocens
799 1381 962 1424 Tiberii
994 1382 1175 1430 saevitia
1207 1370 1476 1424 concidisset.
1520 1382 1736 1425 enimvero

175 1440 433 1483 Montanum
465 1442 626 1496 probae
658 1441 856 1484 iuventae
888 1455 1026 1496 neque
1057 1441 1213 1484 famosi
1247 1441 1469 1496 carminis,
1507 1441 1608 1496 quia
1643 1455 1738 1497 pro-

108 1511 151 1543 10
175 1500 325 1543 tulerit
355 1501 596 1557 ingenium,
627 1503 840 1543 extorrem
872 1500 955 1555 agi.

105 1560 163 1602 30

295 1559 438 1615 Atque
470 1560 642 1602 interim
675 1559 873 1602 Ostorius
901 1558 1084 1601 Sabinus
1115 1558 1268 1601 Sorani
1299 1561 1525 1602 accusator
1554 1559 1740 1615 ingredi·

176 1621 248 1660 tur
280 1619 525 1674 orditurque
557 1618 608 1660 de
641 1619 831 1661 amicitia
861 1618 1051 1660 Rubellii
1082 1618 1243 1673 Plauti,
1278 1618 1475 1674 quodque
1506 1632 1738 1673 proconsu-

174 1677 312 1719 latum
345 1677 475 1720 Asiae
508 1676 698 1720 Soranus
729 1692 806 1732 pro
840 1677 1036 1719 claritate
1068 1677 1151 1719 sibi
1185 1677 1329 1732 potius
1361 1676 1736 1720 adcommodatum

176 1751 304 1792 quam
343 1751 394 1778 ex
431 1737 616 1779 utilitate
655 1737 870 1779 communi
908 1737 1083 1792 egisset,
1127 1737 1278 1779 alendo
1318 1736 1549 1778 seditiones
1587 1736 1735 1778 civita-

225 1880 255 1911 7.
283 1877 423 1912 eludere
455 1876 550 1912 ohne
578 1875 718 1922 Objekt
742 1876 837 1912 &fter
861 1876 922 1912 bei

175 1923 262 1958 Tac.
301 1923 377 1958 und
415 1924 529 1960 sehon
568 1923 640 1959 Cic.
681 1923 789 1959 Catil.
825 1928 856 1967 1,
892 1928 920 1960 1.

175 1971 256 2006 Liv.
283 1974 340 2015 37,
368 1975 424 2016 32,
453 1975 493 2006 11
522 1972 661 2016 inpune
686 1972 834 2006 eludere.
875 1986 877 1988 ·

223 2022 256 2054 8.
281 2019 510 2061 sacerdotem,
536 2018 622 2053 weil
644 2018 810 2054 Thrasea
835 2018 919 2053 dem

174 2065 389 2110 Kollegium
431 2066 496 2101 der
528 2064 820 2108 Quindecimviri
857 2077 919 2101 an·

175 2113 339 2158 gehbrte.

225 2163 280 2195 10.
301 2160 372 2195 Μ11
390 2171 493 2205 ayere
514 2163 712 2196 senatorem
737 2160 830 2195 wird
858 2161 923 2196 der

174 2206 350 2242 Vorwurf
371 2208 680 2253 ausgesproehen,
706 2207 788 2243 dass
810 2207 923 2243 Thra-

174 2265 238 2289 sea
270 2254 351 2289 sein
375 2256 466 2289 Amt
496 2266 565 2289 nur
594 2254 665 2290 wie
697 2255 757 2290 ein
784 2255 922 2291 Schau-

174 2301 313 2347 spieler
333 2313 396 2336 zur
417 2300 684 2347 Befriedigung
697 2301 816 2338 seines
828 2303 921 2337 Ehr-

173 2348 295 2394 geizes
321 2348 474 2384 benutzt
498 2349 605 2384 habe.

224 2398 279 2431 18.
305 2396 517 2441 abrumpere
548 2397 660 2431 vitam
690 2397 787 2432 nach
815 2396 919 2442 Virg.

174 2444 263 2479 Aen.
290 2446 323 2488 8,
350 2447 417 2479 579
450 2444 524 2478 und
557 2444 628 2478 mit
651 2444 920 2490 vollstandiger

174 2490 330 2536 Angabe
357 2491 421 2526 des
444 2490 570 2526 Bildes
594 2490 656 2527 bei
680 2490 773 2527 Plin.
801 2501 858 2537 ep.
888 2497 919 2537 1,

176 2542 231 2580 12,
258 2541 279 2572 8
311 2538 407 2573 vitae
436 2539 642 2574 retinacula
673 2539 832 2584 abrupit.
878 2539 920 2574 In

172 2586 401 2630 pragnanter
435 2584 705 2621 Konstruktion
739 2586 806 2621 hat
830 2585 918 2623 Tac.

174 2632 270 2667 noch
313 2633 359 2667 ab
397 2643 440 2667 ea
476 2633 621 2668 civitate
662 2633 918 2680 1111131183ΐϋ31,

174 2679 262 2714 oder
301 2690 340 2714 es
378 2679 429 2714 ist
463 2691 533 2714 nur
570 2680 629 2715 die
667 2680 919 2726 Verbannung

173 2725 347 2771 gemeint
391 2726 466 2761 Der
496 2726 693 2762 Ausdruck
730 2739 818 2774 mag
854 2727 918 2763 ab-

174 2773 347 2808 sichtlich
379 2773 600 2820 zweideutig
633 2775 729 2817 sein,
769 2775 817 2810 da
854 2775 919 2811 der

172 2820 364 2865 Anklager
375 2820 480 2856 nicht
493 2821 608 2865 weiss,
628 2822 769 2858 welche
796 2822 917 2858 Strafe

173 2866 338 2912 erfolgen
365 2867 466 2903 wird.

1041 1875 1105 1912 29.
1153 1881 1182 1913 1.

994 1923 1157 1959 Reden“.

1041 1986 1073 2018 2.
1105 1983 1291 2019 celebritas
1326 1982 1379 2018 im
1412 1982 1524 2018 Sinne
1554 1993 1628 2018 von
1662 1992 1737 2019 cre-

994 2031 1110 2066 britas
1135 2031 1306 2075 (welches
1331 2030 1530 2066 Rhenanus
1553 2029 1636 2066 hier
1659 2028 1735 2065 ein-

994 2078 1122 2123 setzte)
1142 2078 1259 2113 findet
1277 2077 1356 2113 sich
1376 2078 1490 2113 sehon
1512 2076 1573 2112 bei
1595 2076 1736 2113 Cicero.

1220 1887 1289 1922 per
1339 1877 1426 1912 haec
1474 1875 1560 1920 „bei
1609 1875 1736 1912 diesen

1043 2152 1076 2184 9.
1101 2149 1263 2192 famosus
1286 2147 1484 2194 anriichig,
1517 2148 1632 2184 daher
1661 2157 1736 2184 von

995 2195 1116 2231 einem
1135 2195 1319 2240 Pasquill,
1345 2195 1414 2231 wie
1439 2196 1534 2230 auch
1561 2199 1593 2240 1,
1619 2199 1663 2231 72
1689 2195 1737 2230 li-

1000 2244 1093 2278 belli.
1139 2243 1238 2278 Suet.
1263 2242 1358 2288 Aug.
1385 2246 1441 2278 55.
1481 2242 1562 2278 Tib.
1589 2246 1634 2279 28
1658 2242 1736 2279 und

994 2290 1109 2326 sehon
1133 2290 1221 2325 Hor.
1248 2290 1355 2335 epist.
1383 2295 1415 2335 1,
1442 2294 1497 2335 19,
1524 2294 1567 2325 31
1597 2291 1737 2334 fanwso

994 2338 1163 2374 carmine.
1185 2358 1228 2363 ——
1248 2338 1416 2383 proferre
1436 2337 1622 2383 „zeigen“.
1648 2336 1734 2382 Vgl.

994 2385 1094 2423 Suet.
1121 2386 1220 2421 Nero
1246 2388 1290 2420 25
1324 2385 1420 2430 qaod
1443 2385 1486 2420 in
1510 2396 1552 2420 ea
1571 2385 1735 2430 primum

992 2436 1105 2468 artem
1123 2433 1338 2478 protulerat.

1038 2526 1102 2562 30.
1136 2531 1168 2562 3.
1200 2538 1271 2573 pro
1296 2528 1473 2563 claritate.
1522 2526 1638 2562 Unter
1661 2525 1734 2560 den

992 2574 1360 2610 Statthalteramtern
1379 2586 1456 2610 war
1474 2573 1540 2609 das
1557 2584 1631 2608 von
1644 2572 1737 2608 Asia

991 2632 1051 2658 am
1078 2622 1382 2666 angesehensten.

1037 2684 1070 2717 4.
1109 2681 1238 2716 alendo
1274 2681 1475 2717 seditiones.
1526 2678 1613 2715 Dies
1642 2677 1733 2714 Ver-

990 2727 1122 2763 fahren
1146 2731 1245 2763 ware
1269 2726 1417 2763 freilich
1441 2726 1537 2762 auch
1565 2725 1604 2761 in
1631 2725 1734 2762 einer

989 2774 1179 2810 kleineren
1223 2775 1379 2811 Provinz
1428 2773 1732 2810 verbrecherisch

989 2833 1176 2867 gewesen‚
1203 2822 1291 2857 aber
1314 2821 1418 2856 nicht
1444 2831 1484 2856 so
1511 2820 1732 2867 erfolgreich

990 2869 1062 2904 und
1090 2869 1151 2904 ffir
1176 2869 1247 2904 den
1273 2869 1380 2904 Staat
1404 2867 1629 2915 gefahrlich:
