1820 3100
587 75 734 116 LIBER
750 77 814 115 IV.
857 76 962 114 CAP.
987 80 1140 114 40—42.
1569 78 1656 122 227

93 187 180 230 tias
217 201 306 230 non
342 185 499 230 occulti
534 184 681 228 ferunt
715 199 876 241 perque
905 184 1115 228 invidiam
1145 185 1211 227 tui
1241 199 1310 228 me
1341 200 1511 242 quoque
1542 187 1660 230 incu-

91 249 204 289 sant.
265 247 311 289 at
347 245 464 288 enim
494 244 720 300 Augustus
757 244 894 287 filiam
932 259 1055 287 suam
1093 244 1228 300 equiti
1258 244 1456 288 Romano
1487 247 1660 289 tradere

89 305 323 349 meditatus
354 306 432 348 est.
491 304 651 346 mirum
680 303 868 360 hercule,
899 303 938 346 si
969 318 1068 347 cum
1097 304 1144 346 in
1176 304 1317 347 omnis
1349 318 1474 347 curas
1507 305 1660 348 distra-

90 365 263 408 heretur
305 364 647 418 immensumque
691 363 837 406 attolli
877 363 1126 419 provideret
1176 378 1303 419 quem
1351 364 1657 408 coniunctione
1684 377 1728 409 25

88 424 168 467 tali
206 438 336 479 super
372 423 481 466 alios
520 422 765 478 extulisset,
796 421 842 465 O.
873 422 1146 465 Proculeium
1177 425 1222 465 et
1253 423 1463 478 quosdam
1493 424 1541 466 in
1572 439 1658 467 ser-

88 483 292 526 monibus
321 482 476 525 habuit
504 481 667 538 insigni
699 481 1020 538 tranquillitate
1051 482 1179 538 vitae,
1209 483 1342 525 nullis
1367 484 1431 525 rei
1456 484 1658 539 publicae

87 543 277 598 negotiis
324 541 574 597 permixtos.
653 541 728 584 sed
777 541 815 584 si
865 541 1134 584 dubitatione
1183 539 1374 599 Augusti
1422 557 1658 600 movemur,

89 604 250 659 quanto
286 601 473 644 validius
514 602 580 643 est
617 600 732 656 quod
770 599 916 643 Marco
948 600 1192 657 Agrippae,
1230 616 1332 644 mox
1368 602 1477 645 mihi
1514 603 1658 646 conlo-

88 661 232 705 cavit?
287 662 416 717 atque
453 673 533 716 ego
571 659 679 703 haec
715 674 796 715 pro
838 660 1030 703 amicitia
1069 675 1159 704 non
1197 661 1428 717 occultavi,
1466 665 1655 706 ceterum
1682 674 1728 707 30

4 716 17 729 ⁹
89 726 227 776 neque
257 720 345 763 tuis
376 733 514 775 neque
540 718 690 762 Liviae
715 719 942 762 destinatis
969 720 1240 763 adversabor.
1289 721 1383 776 ipse
1408 721 1512 776 quid
1537 722 1656 766 intra

89 781 284 823 animum
314 779 615 833 volutaverim,
646 779 802 834 quibus
835 779 974 822 adhuc
1005 780 1397 823 necessitudinibus
1429 781 1657 825 inmiscere

85 842 129 882 te
160 839 268 882 mihi
298 853 467 894 parem,
504 838 705 881 omittam
737 838 790 881 ad
820 853 1025 894 praesens
1056 839 1237 882 referre:
1275 839 1319 882 id
1350 842 1524 883 tantum
1558 856 1657 897 ape-

85 899 211 954 riam,
240 898 353 941 nihil
379 912 472 941 esse
496 900 589 940 tam
614 898 843 953 excelsum,
875 899 990 955 quod
1014 913 1103 941 non
1127 899 1308 941 virtutes
1334 899 1445 942 istae
1470 903 1656 957 tuusque

85 959 133 1001 in
163 973 232 1001 me
264 957 435 1001 animus
467 960 732 1011 mereantur,
770 958 957 1013 datoque
993 959 1190 1013 tempore
1221 959 1289 1001 vel
1325 959 1372 1001 in
1403 963 1557 1004 senatu
1589 961 1655 1004 vel
1681 970 1727 1004 35

86 1018 134 1061 in
166 1018 366 1061 contione
397 1031 487 1059 non
515 1015 735 1060 reticebo?

204 1077 394 1119 Rursum
445 1075 641 1128 Seianus,
691 1090 780 1118 non
827 1076 917 1118 iam
959 1075 1011 1119 de
1054 1078 1353 1134 matrimonio,
1403 1078 1478 1122 sed
1521 1080 1654 1123 altius
1667 1080 1724 1124 41

85 1138 295 1191 metuens,
325 1135 460 1178 tacita
486 1135 792 1191 suspicionum,
826 1135 946 1192 vulgi
975 1150 1206 1192 rumorem,
1237 1137 1515 1194 ingruentem
1546 1139 1655 1182 invi-

86 1196 203 1239 diam
241 1195 505 1250 depreeatur.
568 1210 617 1238 ac
656 1209 711 1237 ne
751 1195 956 1238 adsiduos
993 1195 1039 1238 in
1075 1196 1253 1239 domum
1290 1200 1438 1240 coetus
1471 1199 1655 1242 arcendo

84 1255 342 1311 infringeret
371 1254 613 1310 potentiam
638 1257 715 1297 aut
743 1254 1007 1310 receptando
1038 1254 1292 1298 facultatem
1323 1257 1655 1302 criminantibus

86 1315 334 1370 praeberet,
357 1313 442 1356 huc
466 1314 587 1356 flexit
611 1316 661 1356 ut
685 1313 907 1357 Tiberium
933 1314 987 1356 ad
1012 1314 1148 1358 vitam
1172 1316 1323 1371 procul
1347 1316 1487 1359 Roma
1511 1333 1655 1361 amoe-
1681 1328 1703 1361 5

84 1374 154 1416 nis
185 1374 292 1417 locis
325 1373 564 1429 degendam
594 1372 846 1428 impelleret.
907 1374 1046 1416 multa
1077 1375 1234 1431 quippe
1265 1376 1539 1430 providebat:
1579 1393 1657 1420 sua

85 1434 131 1475 in
172 1448 303 1476 manu
345 1432 489 1475 aditus
528 1432 858 1488 litterarumque
897 1447 1058 1489 magna
1099 1448 1151 1476 ex
1188 1436 1314 1490 parte
1355 1450 1401 1478 se
1442 1436 1655 1480 arbitrum

84 1492 197 1549 fore,
237 1507 334 1535 cum
374 1506 454 1547 per
492 1491 652 1534 milites
692 1496 1002 1549 commearent3
1041 1507 1142 1536 mox
1183 1493 1411 1537 Caesarem
1451 1500 1656 1552 vergente

84 1552 173 1594 iam
212 1554 386 1594 senecta
424 1553 673 1606 secretoque
710 1552 794 1594 loci
832 1552 1048 1594 mollitum
1087 1553 1234 1596 munia
1273 1554 1443 1610 imperii
1482 1555 1655 1599 facilius

83 1611 405 1666 tramissurum3
431 1614 475 1653 et
498 1610 636 1653 minui
662 1610 746 1654 sibi
770 1611 979 1654 invidiam
1005 1612 1207 1668 adempta
1227 1614 1492 1657 salutantum
1513 1615 1655 1672 turba,
1683 1626 1727 1658 10

85 1670 357 1726 sublatisque
387 1670 592 1713 inanibus
618 1684 764 1713 veram
795 1671 1040 1726 potentiam
1073 1672 1235 1728 augeri.
1283 1673 1420 1729 igitur
1442 1675 1655 1730 paulatim

82 1730 262 1786 negotia
291 1729 431 1784 urbis,
467 1729 620 1785 populi
658 1730 883 1786 adcursus,
920 1731 1244 1774 multitudinem
1282 1733 1563 1778 adfluentium
1593 1735 1657 1778 in-

83 1792 245 1845 crepat,
275 1789 487 1832 extollens
519 1788 735 1841 laudibus,
754 1789 942 1845 quietem
975 1793 1019 1833 et
1050 1791 1342 1848 solitudinem,
1372 1793 1469 1850 quis
1502 1795 1655 1838 abesse

84 1849 231 1891 taedia
262 1851 306 1891 et
336 1847 595 1891 offensiones
628 1862 678 1891 ac
707 1849 941 1904 praecipua
970 1865 1116 1892 rerum
1147 1850 1334 1893 maxime
1366 1853 1535 1908 agitari.

203 1907 269 1949 Ac
300 1906 413 1950 forte
443 1907 595 1950 habita
625 1921 703 1962 per
733 1907 835 1950 illos
867 1908 957 1950 dies
989 1909 1040 1951 de
1071 1909 1259 1952 Votieno
1290 1909 1515 1968 Montano,
1546 1914 1652 1956 cele·
1666 1911 1725 1954 42

133 2061 191 2095 22.
222 2058 348 2102 ferunt
378 2057 456 2103 „sie
486 2058 621 2104 tragen
651 2057 731 2093 sich
764 2059 830 2094 da-

83 2106 155 2142 mit
178 2106 327 2151 herum,
352 2105 394 2143 d.
413 2105 451 2141 h.
478 2105 531 2141 sie
557 2106 738 2150 sprechen
762 2105 829 2142 da-

83 2155 194 2191 von“.

131 2204 189 2238 25.
221 2201 433 2237 immensum
466 2200 522 2236 als
555 2200 723 2246 Adverb,
755 2200 827 2237 wie

79 2259 136 2295 cp.
158 2252 204 2285 27
229 2248 306 2284 und
332 2248 440 2284 efter.

122 2300 180 2333 26.
214 2296 432 2332 Proculeius
465 2307 543 2331 war
579 2294 722 2331 Bruder
759 2295 825 2331 des

75 2343 194 2380 Varro
236 2343 415 2388 Murena,
466 2342 533 2379 der
575 2343 657 2378 sich
704 2353 825 2389 gegen

75 2391 268 2437 Augustus
280 2391 506 2434 verschwor‚
527 2390 617 2427 aber
630 2390 715 2426 dem
734 2390 826 2427 letz-

77 2439 185 2475 teren
210 2438 296 2474 sehr
320 2438 554 2475 befreundet.

127 2489 184 2523 28.
214 2497 260 2522 ne
285 2487 371 2522 otiis
395 2487 616 2532 permixtos,
652 2495 726 2520 neu
760 2496 825 2531 ge-

78 2532 222 2570 bildete
277 2533 406 2578 hrase,
439 2533 510 2569 wie
535 2536 570 2578 3,
595 2535 641 2568 38
666 2532 823 2570 Rhescu-

74 2582 222 2626 poridis
246 2582 409 2617 consiliis
430 2581 662 2626 permioetum.

128 2632 186 2665 32.
219 2619 322 2663 Uber
351 2629 419 2665 das
444 2627 636 2673 tropische
659 2628 826 2664 volutare

81 2686 111 2712 e.
130 2687 175 2712 zu
194 2687 251 2722 cp.
272 2680 328 2711 12.
355 2696 400 2702 —
424 2676 615 2712 inmiscere
637 2674 678 2710 in
701 2674 827 2722 Bezug

83 2723 149 2758 auf
187 2722 550 2769 Verschwagerung‚
599 2723 723 2758 zuerst
765 2723 827 2759 bei

81 2768 160 2808 Liv.
173 2774 208 2814 4,
221 2774 256 2814 4,
270 2774 291 2806 6
310 2782 356 2807 ne
380 2770 650 2815 adfinitatibus,
673 2780 719 2806 ne
738 2781 825 2815 pro-

75 2817 351 2863 pinquitatibus
386 2819 645 2854 inmisceamur
687 2821 827 2861 cavent,

82 2874 128 2899 ne
158 2866 314 2902 societur
343 2866 508 2912 sanquis.
558 2864 729 2901 Tiberius
755 2865 826 2901 soll

904 2060 1032 2104 spater
1069 2059 1141 2096 den
1178 2060 1292 2107 Sejan
1329 2062 1401 2098 mit
1438 2063 1505 2099 der
1537 2063 1652 2110 Julia,

901 2107 1208 2193 {qqhssffbggines
1228 2109 1372 2146 Sohnes
1391 2109 1547 2157 Drusus,
1568 2123 1652 2150 ver—

947 2211 1013 2250 41.
1051 2218 1084 2250 2.
1121 2216 1239 2252 tacita
1271 2218 1542 2263 suspicionum,
1579 2219 1651 2254 wie

899 2260 951 2295 im
969 2261 1188 2307 Folgenden
1206 2264 1284 2300 und
1304 2276 1360 2310 cp.
1381 2269 1428 2301 40
1444 2266 1653 2312 praecipua

898 2319 1032 2346 rerum.
1060 2313 1093 2355 6,
1112 2313 1158 2346 45
1182 2313 1460 2349 simulationum
1484 2314 1595 2358 falsa.

946 2370 979 2403 8.
999 2359 1100 2405 Uber
1118 2381 1313 2407 commeare
1331 2372 1403 2407 mit
1420 2371 1649 2408 sachlichem

899 2413 1080 2461 Subjekte
1101 2428 1129 2454 s,
1151 2431 1197 2454 zu
1216 2422 1249 2463 2,
1271 2422 1327 2456 28.
1349 2440 1394 2445 —
1413 2430 1556 2466 vergere
1574 2431 1650 2455 von

898 2462 964 2498 der
988 2463 1080 2509 Zeit,
1109 2477 1136 2501 s.
1158 2477 1214 2511 cp.
1236 2471 1268 2502 8.

945 2525 979 2558 9.
1016 2528 1150 2560 secreto
1187 2526 1270 2570 loci,
1307 2525 1377 2562 wie
1413 2525 1504 2561 hist.
1533 2530 1574 2571 1,
1606 2529 1649 2561 10

896 2572 1070 2606 secretum
1093 2572 1220 2608 Asiae.

946 2627 1012 2665 42.
1039 2633 1071 2666 1.
1096 2631 1306 2668 Montanus
1328 2642 1406 2667 war
1430 2631 1491 2667 ein
1509 2631 1648 2667 talent-

899 2675 1019 2712 voller
1050 2677 1193 2715 Rhetor
1223 2680 1300 2715 und
1332 2678 1484 2724 eifriger
1508 2677 1648 2715 Dekla-

899 2725 1040 2769 mator,
1085 2725 1159 2780 den
1195 2726 1262 2762 der
1298 2725 1448 2762 Redner
1466 2726 1646 2780 ,Scaurus

898 2781 1049 2855 {aaa
1067 2773 1555 2858 ἱῗέἓὲἱέἓῗὲοέἓθὲἒὲἒ,
1574 2785 1647 2857 ἕὲζ

898 2866 1072 2904 Rednern
1095 2870 1246 2906 nannte.

1289 2928 1361 2964 15*
