1820 3100
204 125 292 168 220

638 126 867 163 CORNELII
892 125 1055 164 TACITI
1078 125 1338 163 ANNALIUM

132 246 178 280 20
202 233 422 289 Tiberius,
468 235 541 277 sed
582 235 669 277 alia
710 235 1013 291 praetendens,
1050 235 1224 277 exilium
1262 233 1514 290 deprecatus
1557 237 1641 290 est3
1680 250 1766 291 quo

203 293 347 335 minus
380 295 530 335 senatu
560 294 796 349 pelleretur
826 308 913 336 non
945 294 1129 336 obstitit.

322 351 532 407 Pleraque
565 367 724 407 eorum,
751 367 860 407 quae
891 353 1041 395 rettuli
1067 367 1261 408 quaeque
1292 351 1488 404 referam,
1519 367 1654 407 parva
1682 352 1768 396 for-

206 410 319 452 sitan
358 413 403 453 et
442 411 555 454 levia
595 414 835 454 memoratu
866 411 1000 453 videri
1037 426 1126 454 non
1156 412 1326 454 nescius
1369 426 1483 466 sum,
1524 411 1598 454 sed
1639 425 1767 455 nemo

207 469 384 512 annales
414 472 587 512 nostros
625 485 720 512 eum
760 470 974 524 scriptura
1006 485 1152 513 eorum
1185 470 1467 526 contenderit,
1498 470 1571 526 qui
1601 472 1768 513 veteres

205 529 356 583 populi
386 528 573 571 Romani
598 543 666 570 res
693 543 969 583 conposuere.
1019 529 1214 585 ingentia
1238 529 1304 571 illi
1328 529 1456 584 bella,
1487 529 1768 584 expugnatio-

159 600 180 632 ὅ
204 601 282 629 nes
313 588 505 642 urbium,
537 588 657 629 fusos
690 590 924 642 captosque
956 601 1097 643 reges,
1129 591 1205 630 aut
1242 589 1280 630 si
1310 588 1482 643 quando
1515 588 1569 630 ad
1598 588 1770 631 interna

206 648 540 700 praeverterent,
567 646 802 688 discordias
829 646 1053 688 consulum
1078 647 1304 689 adversum
1328 647 1541 702 tribunos,
1573 646 1768 701 agrarias

206 704 596 759 frumentariasque
628 705 766 760 leges,
802 705 941 759 plebis
981 707 1023 746 et
1054 706 1330 760 optimatium
1361 705 1594 748 certamina
1629 705 1768 748 libero

207 776 384 818 egressu
410 764 724 806 memorabant.
763 763 888 805 nobis
914 763 959 805 in
986 765 1080 806 arto
1108 766 1151 806 et
1174 764 1384 820 inglorius
1409 765 1553 820 labor;
1584 764 1767 807 immota

207 821 364 876 quippe
404 825 478 864 aut
524 821 689 864 modice
725 822 928 864 lacessita
963 837 1066 879 pax,
1097 825 1290 865 maestae
1326 823 1447 866 urbis
1478 837 1546 865 res
1579 825 1622 865 et
1651 823 1768 878 prin-

133 355 190 398 32

136 894 179 926 10
206 894 305 934 ceps
337 880 584 935 proferendi
614 881 770 935 imperi
801 881 1041 924 incuriosus
1080 884 1183 924 erat.

135 1059 191 1102 33

137 1595 180 1628 10

1253 897 1340 924 non
1379 884 1524 923 tamen
1563 881 1654 923 sine
1685 896 1768 924 usu

204 938 334 981 fuerit
359 939 642 995 introspicere
674 940 751 982 illa
781 940 923 994 primo
955 942 1132 995 aspectu
1165 940 1288 996 levia,
1314 955 1364 982 ex
1390 941 1486 996 quis
1511 954 1769 997 magnarum

205 1012 333 1053 saepe
363 1013 506 1040 rerum
539 1000 684 1041 motus
715 999 924 1042 oriuntur.

325 1055 439 1099 Nam
471 1060 646 1100 cunctas
673 1058 869 1101 nationes
901 1059 944 1100 et
973 1059 1101 1100 urbes
1132 1058 1316 1114 populus
1348 1059 1424 1100 aut
1453 1058 1664 1113 primores
1695 1059 1771 1101 aut

211 1114 372 1171 singuli
403 1119 577 1171 regunt:
610 1116 774 1159 delecta
806 1131 858 1158 ex
888 1117 942 1158 iis
975 1119 1016 1158 et
1041 1118 1288 1160 consociata
1312 1117 1375 1159 rei
1400 1117 1599 1172 publicae
1629 1116 1771 1160 forma

208 1175 377 1217 laudari
409 1175 580 1218 facilius
612 1190 740 1230 quam
767 1176 949 1231 evenire,
973 1177 1042 1218 vel
1069 1177 1107 1219 si
1132 1177 1286 1231 evenit,
1311 1176 1426 1218 haud
1451 1176 1654 1218 diuturna
1678 1189 1770 1218 esse

207 1235 366 1288 potest.
421 1234 555 1290 igitur
585 1237 634 1276 ut
666 1234 769 1276 olim
801 1234 928 1290 plebe
961 1235 1112 1288 valida,
1142 1235 1210 1277 vel
1242 1250 1338 1278 cum
1369 1237 1515 1290 patres
1547 1235 1772 1291 pollerent,

155 1307 176 1340 5
207 1293 424 1335 noscenda
449 1293 572 1348 vulgi
597 1295 755 1335 natura
780 1296 823 1335 et
849 1293 1005 1349 quibus
1036 1293 1176 1337 modis
1206 1296 1500 1349 temperanter
1524 1294 1769 1349 haberetur,

205 1354 464 1407 senatusque
504 1354 548 1394 et
588 1352 862 1407 optimatium
902 1352 1079 1410 ingenia
1110 1353 1184 1409 qui
1219 1353 1405 1395 maxime
1441 1352 1770 1407 perdidicerant,

205 1410 352 1452 callidi
389 1413 634 1466 temporum
666 1413 710 1453 et
742 1411 958 1466 sapientes
990 1412 1285 1467 credebantur,
1317 1412 1379 1454 sic
1410 1425 1616 1454 converso
1649 1413 1768 1454 statu

204 1482 343 1523 neque
376 1470 462 1511 alia
492 1485 537 1512 re
569 1469 766 1512 Romana
797 1485 926 1525 quam
959 1471 996 1512 si
1025 1486 1136 1513 unus
1167 1471 1403 1526 imperitet,
1434 1470 1541 1513 haec
1572 1469 1769 1526 conquiri

205 1527 402 1583 tradique
433 1528 480 1570 in
509 1542 600 1569 rem
631 1528 775 1583 fuerit,
807 1529 909 1584 quia
940 1530 1065 1583 pauci
1095 1530 1324 1584 prudentia
1354 1530 1537 1571 honesta
1568 1529 1622 1572 ab
1655 1529 1769 1571 dete-

205 1585 412 1641 rioribus,
451 1586 578 1629 utilia
619 1587 672 1628 ab
710 1587 849 1629 noxiis
891 1587 1154 1642 discernunt,
1192 1588 1338 1642 plures
1385 1588 1568 1630 aliorum
1600 1587 1766 1630 eventis

206 1644 424 1688 docentur.

206 1703 416 1746 adferunt.

498 1648 686 1688 ceterum
723 1648 772 1688 ut
811 1646 1056 1702 profutura,
1097 1647 1158 1689 ita
1198 1646 1425 1688 minimum
1466 1645 1767 1688 oblectationis

488 1719 591 1746 nam
641 1706 749 1746 situs
793 1705 1008 1760 gentium,
1058 1706 1289 1748 varietates
1333 1705 1617 1760 proeliorum,
1662 1704 1768 1748 clari

206 1762 362 1805 ducum
393 1763 531 1805 exitus
562 1763 748 1805 retinent
773 1778 822 1805 ac
853 1764 1151 1820 redintegrant
1180 1764 1418 1820 legentium
1450 1763 1656 1806 animum:
1687 1778 1768 1806 nos

256 1852 319 1890 32.
327 1859 358 1890 2.
373 1854 447 1890 Das
456 1854 637 1900 Supinum
645 1858 843 1890 memoratu
855 1856 951 1890 auch

205 1901 294 1936 hist.
320 1906 359 1945 2,
387 1905 430 1937 73
464 1903 540 1937 und
565 1903 688 1937 zuerst
711 1902 773 1937 bei
798 1901 950 1938 Sallust.

254 1952 287 1983 3.
336 1949 521 1993 scriptwra
547 1950 639 1984 statt
664 1949 769 1991 Εὔα-ι’,-
796 1960 835 1985 so
855 1950 951 1985 auch

205 1999 246 2038 3,
273 1999 294 2030 3
321 1996 395 2030 und
429 1996 543 2031 sehon
567 1995 629 2031 bei
654 1996 792 2032 Terenz
817 2009 852 2033 u.
880 1997 951 2031 Va-

205 2041 319 2078 lerius
345 2042 541 2078 Maximus.

255 2093 286 2124 6.
332 2093 558 2134 praevertere
593 2090 711 2135 (sonst
746 2101 816 2124 nur
841 2101 950 2135 prae-

205 2137 310 2180 verti)
337 2136 467 2181 „seine
500 2136 842 2172 Aufmerksamkeit
866 2148 951 2173 vor-

358 2183 366 2190 .
713 2184 720 2191 .
846 2186 866 2203 ⁴,
904 2184 911 2191 .

205 2183 680 2265 fflegiavegqghiaequscffioqusd
691 2184 952 2267 ruciikllxtlsssisdfik

205 2275 300 2313 Plin.
328 2276 436 2321 epist.
466 2280 499 2312 5.
527 2280 570 2311 15
590 2281 803 2322 praevertor
822 2279 871 2313 ad
896 2289 949 2314 ea.

255 2326 286 2359 ¹7.
331 2324 442 2359 libero
466 2334 608 2369 eyressu
634 2324 876 2369 (Gegensatm
908 2326 951 2360 in

206 2370 302 2416 arto)
334 2370 459 2415 „ohne
491 2370 818 2416 Einschrankung‚
851 2372 884 2406 d.
911 2372 949 2406 h.

207 2417 303 2452 ohne
341 2417 423 2452 dass
462 2416 575 2452 ihnen
607 2418 723 2452 durch
754 2418 826 2453 den
858 2417 955 2454 Stoff

207 2463 424 2500 Schranken
468 2466 612 2509 gesetzt
648 2466 813 2500 w‘aren“.
876 2465 951 2500 Der

205 2510 402 2546 Ausdruck
421 2512 573 2547 stammt
592 2523 657 2547 aus
669 2512 733 2546 der
746 2511 950 2547 Rhetoren-

206 2557 345 2602 schule,
370 2570 428 2593 wo
454 2569 494 2593 er
519 2558 712 2602 ‚‚Exkurs“
737 2558 949 2595 bedeutete.

255 2608 309 2641 10.
354 2606 562 2641 incuriosus
580 2604 778 2641 verbindet
796 2606 950 2641 Tacitus

205 2651 244 2686 in
276 2652 347 2687 den
372 2651 543 2687 Annalen
573 2652 649 2687 und
674 2652 864 2688 Historien
889 2663 951 2698 ge-

206 2698 393 2734 wohnlich
412 2699 482 2734 mit
501 2699 586 2734 dem
599 2699 769 2743 Genetiv,
791 2700 952 2735 seltener

206 2745 276 2780 mit
305 2746 389 2781 dem
414 2745 539 2781 Dativ.
601 2745 736 2781 Findet
768 2746 848 2782 sich
882 2747 952 2782 mit

207 2791 289 2826 dem
318 2791 408 2828 Gen.
443 2805 512 2828 nur
543 2794 642 2828 noch
674 2793 735 2829 bei
768 2792 864 2829 Plin.
892 2805 950 2839 ep.

207 2840 240 2882 8,
266 2841 322 2881 20,
350 2843 367 2872 1
395 2839 471 2874 und
498 2839 650 2876 Gellius.

254 2884 316 2920 33.
367 2889 398 2920 2.
450 2887 655 2922 consociata
692 2887 780 2932 reip.
819 2883 949 2931 forma.

1022 1855 1108 1901 Vgl.
1130 1856 1203 1891 Cic.
1224 1856 1270 1892 de
1289 1867 1366 1901 rep.
1389 1859 1420 1901 1,
1441 1859 1486 1891 29
1513 1857 1635 1901 itaque
1658 1867 1768 1901 quar-

1022 1906 1099 1938 tum
1136 1904 1319 1948 quoddam
1354 1913 1468 1948 yenus
1502 1904 1557 1939 rei
1594 1903 1766 1948 publicae

1022 1951 1180 1986 maxime
1196 1951 1426 1995 probandum
1444 1960 1517 1986 esse
1527 1960 1661 1994 censeo,
1673 1951 1770 1996 quod

1023 2000 1074 2033 est
1097 2008 1143 2033 eoe
1166 1998 1238 2041 his,
1264 2008 1356 2043 quae
1378 1997 1502 2042 prima
1526 1997 1630 2041 dixi,
1654 1998 1770 2033 mode-

1022 2047 1145 2080 ratum
1170 2048 1203 2079 et
1222 2045 1445 2102 permixtum
1470 2044 1598 2080 tribus.
1636 2043 1766 2089 Polyb.

1023 2095 1062 2148 6,
1101 2095 1121 2126 6
1160 2092 1273 2136 δῆλον
1310 2088 1382 2136 γὰρ
1416 2088 1465 2132 ὥς
1501 2087 1668 2174 οιὲίστην
1698 2088 1768 2136 μὲν

1022 2120 1182 2183 ἡγητέον
1212 2138 1403 2173 πολιτείαν
1433 2135 1501 2182 τὴν
1554 2151 1576 2173 κ
1613 2150 1770 2174 παντων

1023 2183 1770 2277 3235:⁸²⁹’ffi2m13'212‘312f0‘ffl123”3.

1023 2278 1122 2314 dann
1140 2279 1201 2314 die
1214 2279 1444 2324 Verfassung
1456 2279 1521 2314 des
1534 2279 1688 2325 Lykurg
1705 2289 1763 2315 an.

1071 2329 1102 2361 5.
1158 2327 1340 2362 noscenda
1370 2346 1415 2352 —
1446 2329 1586 2362 natura
1615 2325 1667 2362 ist
1690 2325 1766 2361 No-

1022 2373 1180 2409 minativ
1210 2373 1287 2408 und
1318 2372 1384 2408 der
1417 2372 1525 2408 Sinn:
1563 2373 1656 2418 „wie
1681 2383 1769 2409 man

1023 2420 1150 2455 frfiher
1187 2421 1258 2456 den
1294 2418 1500 2455 Charakter
1537 2420 1603 2455 der
1632 2419 1767 2465 Menge

1024 2467 1214 2502 studieren
1263 2467 1438 2502 musste“.
1510 2466 1671 2502 Hiermit
1717 2466 1770 2503 ist

1022 2513 1119 2549 nach
1152 2513 1405 2549 Taeiteiseher
1435 2513 1581 2549 Mauier
1618 2513 1678 2548 ein
1710 2513 1766 2549 in-

1023 2560 1186 2595 direkter
1204 2560 1402 2605 Fragesatz
1427 2563 1473 2605 (et
1489 2561 1621 2605 quibus
1637 2561 1769 2606 modis)

1022 2606 1263 2644 koordiniert.

1073 2658 1103 2689 ’1.
1130 2654 1287 2690 callidus
1305 2653 1376 2689 mit
1394 2653 1480 2688 dem
1493 2653 1652 2689 Genetiv
1671 2654 1766 2690 auch

1022 2700 1110 2736 hist.
1148 2705 1187 2745 2,
1219 2705 1263 2736 32
1298 2701 1472 2736 militaris
1504 2701 1559 2736 ‘rei
1597 2701 1769 2737 callidior

1023 2748 1231 2784 habebatur.
1259 2747 1371 2784 Sonst
1390 2758 1462 2782 nur
1473 2746 1535 2783 bei
1545 2747 1762 2784 Columella.

1074 2798 1127 2830 10.
1197 2798 1321 2830 eventa
1361 2793 1633 2839 ‚‚Erlebnisse“

1024 2842 1140 2877 sehon
1162 2840 1224 2877 bei
1249 2841 1387 2876 Cicero.

1074 2892 1128 2923 13.
1176 2889 1423 2934 redintegrare
1449 2888 1542 2924 statt
1558 2889 1700 2933 reficere
1716 2887 1769 2925 ist

1639 2794 1764 2839 ‚wie
