1786 3094
585 99 731 136 LIBER
754 100 782 136 1.
833 99 934 136 CAP.
956 104 1108 137 σεε-69.
1576 102 1633 145 85

62 208 257 251 hostium
295 222 534 264 superesse3
580 211 626 250 at
661 208 899 252 victoribus
938 209 1066 252 decus
1105 208 1304 265 gloriam.
1367 223 1476 264 quae
1517 209 1635 252 domi

64 281 177 324 cara,
215 281 323 323 quae
353 267 399 310 in
436 267 590 310 castris
622 268 824 324 honesta,
862 270 1089 323 memorat3
1128 267 1304 310 reticuit
1340 267 1391 309 de
1430 268 1634 311 adversis.

65 341 199 382 equos
236 326 408 381 dehinc,
452 341 576 369 orsus
614 342 640 369 a
678 327 787 381 suis,
827 328 1073 383 legatorum
1113 327 1474 382 tribunorumque
1513 327 1634 370 nulla

64 385 300 428 ambitione
330 386 569 428 fortissimo
601 387 756 442 cuique
788 386 993 429 bellatori
1023 386 1168 442 tradit,
1199 388 1249 428 ut
1279 385 1338 443 hi,
1369 401 1469 429 mox
1501 386 1632 441 pedes
1662 397 1706 429 10

62 444 110 487 in
140 445 312 488 hostem
343 444 612 489 invaderent.

182 503 310 546 Haud
347 504 489 547 minus
527 504 697 560 inquies
730 504 971 548 Germanus
1011 520 1104 560 spe,
1144 504 1343 560 cupidine
1375 506 1420 547 et
1451 505 1634 548 diversis
1649 506 1705 549 68

63 563 219 606 ducum
251 564 478 606 sententiis
512 565 689 620 agebat,
721 564 920 607 Arminio
954 564 1146 607 sinerent
1177 564 1324 620 egredi
1355 578 1635 620 egressosque

62 637 236 665 rursum
267 637 345 677 per
373 623 522 665 umida
553 627 597 666 et
627 623 823 679 inpedita
854 624 1216 666 circumvenirent
1248 624 1473 678 suadente,
1514 627 1630 666 atro-

64 681 483 738 ciora-Inguiomero
517 685 560 724 et
589 684 707 725 laeta
737 683 949 738 barbaris,
979 686 1029 725 ut
1053 683 1215 726 vallum
1242 683 1373 725 armis
1400 683 1635 725 ambirent:

63 743 312 797 promptam
343 742 725 797 expugnationem,
756 742 904 798 plures
936 742 1151 797 captivos,
1182 743 1481 797 incorruptam
1512 757 1630 798 prae·
1658 753 1679 785 5

64 801 164 844 dam
207 800 312 843 fore.
374 801 510 857 igitur
552 804 648 844 orta
689 801 758 843 die
798 806 1012 857 proruunt
1051 801 1210 854 fossas,
1253 801 1440 844 iniciunt
1479 804 1633 857 crates,

65 874 233 903 summa
268 860 373 902 valli
410 864 632 915 prensant,
673 875 772 903 raro
811 876 939 916 super
979 861 1117 903 milite
1150 865 1194 903 et
1226 860 1352 916 quasi
1384 862 1440 904 ob
1471 864 1636 903 metum

0 923 2 927 '
66 919 217 962 defixo.
260 922 493 975 postquam
519 919 696 962 haesere
723 920 1014 976 munimentis,
1041 920 1169 963 datur
1189 920 1442 963 cohortibus
1463 921 1638 975 signum

65 993 307 1034 cornuaque
339 993 388 1021 ac
420 979 551 1021 tubae
583 979 848 1022 concinuere.
899 981 996 1022 exin
1028 980 1216 1022 clamore
1244 982 1289 1021 et
1311 979 1478 1034 impetu
1502 979 1637 1035 tergis

65 1037 378 1081 Germanorum
423 1038 846 1090 circumfunduntur,
896 1039 1208 1094 exprobrantes
1252 1053 1340 1081 non
1382 1039 1454 1080 hic
1498 1038 1629 1081 silvas
1660 1049 1704 1081 10

63 1111 143 1139 nec
183 1097 380 1152 paludes,
422 1098 494 1139 sed
536 1097 685 1152 aequis
723 1097 830 1140 locis
868 1112 1028 1153 aequos
1070 1098 1183 1140 deos.
1244 1098 1363 1140 hosti
1404 1097 1530 1141 facile
1569 1112 1637 1140 ex-

65 1157 225 1199 cidium
250 1159 294 1198 et
316 1171 478 1211 paucos
505 1171 554 1198 ac
581 1171 814 1199 semermos
840 1156 1052 1213 cogitanti
1078 1171 1208 1200 sonus
1234 1157 1458 1213 tubarum,
1483 1157 1629 1213 fulgor

67 1230 308 1271 armorum,
348 1219 509 1270 quanto
549 1216 749 1271 inopina,
789 1219 912 1259 tanto
957 1217 1123 1259 maiora
1164 1216 1466 1270 offunduntur,
1510 1216 1632 1258 cade-

67 1275 272 1330 bantque,
297 1277 346 1317 ut
365 1275 493 1317 rebus
513 1275 711 1317 secundis
733 1275 860 1330 avidi,
884 1275 947 1318 ita
968 1275 1161 1318 adversis
1186 1276 1362 1318 incauti.

65 1335 256 1390 integer,
302 1333 607 1390 Inguiomerus
647 1337 748 1389 post
788 1348 920 1390 grave
959 1335 1116 1378 vulnus
1156 1348 1349 1390 pugnam
1394 1335 1636 1390 deseruere3
1666 1344 1709 1376 15

1410 1275 1632 1318 Arminius

66 1394 222 1449 vulgus
262 1393 525 1436 trucidatum
566 1395 649 1447 est,
694 1393 829 1436 donec
874 1393 941 1436 ira
983 1397 1027 1436 et
1067 1394 1158 1436 dies
1198 1394 1451 1449 permansit.
1512 1397 1639 1436 nocte

67 1452 238 1495 demum
264 1467 460 1495 reversae
484 1452 692 1508 legiones,
725 1453 923 1509 quamvis
950 1453 1048 1508 plus
1074 1453 1320 1507 vulnerum,
1349 1453 1500 1496 eadem
1526 1453 1640 1496 cibo-

66 1526 162 1554 rum
188 1514 359 1567 egestas
384 1512 606 1568 fatigaret,
637 1512 724 1554 vim
752 1512 987 1555 sanitatem
1014 1512 1175 1568 copias,
1206 1516 1362 1555 cuncta
1385 1512 1430 1554 in
1456 1513 1640 1555 victoria

66 1570 269 1613 habuere.

184 1629 443 1673 Pervaserat
480 1630 656 1674 interim
695 1630 974 1673 circumventi
1010 1631 1220 1674 exercitus
1253 1631 1371 1673 fama
1403 1634 1446 1674 et
1475 1630 1636 1673 infesto
1652 1630 1709 1673 69

68 1689 382 1733 Germanorum
414 1689 587 1746 agmine
620 1688 788 1732 Gallias
820 1691 928 1745 peti,
965 1704 1015 1733 ac
1046 1691 1093 1732 ni
1125 1691 1370 1746 Agrippina
1401 1690 1639 1745 inpositum

66 1748 221 1792 Rheno
258 1751 437 1804 pontem
477 1749 587 1791 solvi
617 1749 931 1804 prohibuisset,
970 1752 1094 1791 erant
1111 1750 1200 1817 qui
1231 1750 1276 1792 id
1307 1749 1521 1816 flagitium
1551 1749 1637 1792 for-

67 1807 226 1850 midine
265 1808 483 1850 auderent.
545 1808 621 1850 sed
657 1807 820 1850 femina
857 1808 1010 1864 ingens
1050 1809 1184 1851 animi
1220 1809 1368 1851 munia
1404 1809 1523 1851 ducis
1564 1823 1641 1864 per

116 1953 148 1985 9.
175 1939 275 1984 Uber
299 1948 429 1984 dehinc
453 1959 481 1982 s.
501 1959 546 1982 zu
572 1958 629 1992 cp.
651 1951 709 1983 34.

118 2006 173 2038 10.
218 2002 372 2037 bellator
409 2000 524 2035 sehon
561 1999 625 2035 bei
660 2000 818 2036 Plautus

67 2050 144 2086 und
170 2047 309 2084 Cicero.

115 2093 381 2139 68.1.Uber
411 2104 445 2137 et
469 2100 526 2136 als
552 2100 687 2136 drittes
714 2101 818 2136 Satz-

0 2195 2 2197 .
68 2150 172 2197 glied
197 2162 225 2185 s.
246 2149 342 2185 Einl.
362 2152 394 2191 ξ.
414 2152 471 2183 61.

116 2202 150 2233 4.
182 2198 319 2234 ambire
349 2196 405 2232 als
437 2194 703 2230 militarischer
728 2195 816 2230 Ter-

0 2248 3 2290 Ῐ
69 2251 192 2286 minus
218 2251 313 2286 statt
337 2250 575 2293 circumdare,
602 2249 744 2295 einyere
767 2248 818 2284 ist

0 2336 5 2354 ·.
65 2298 246 2335 ailbernes
270 2297 415 2333 Latein.

5 2384 9 2387 .
114 2355 147 2388 6.
167 2355 358 2404 proruwnt
368 2351 497 2395 fossas,
512 2349 593 2385 eine
607 2350 816 2394 pragnante

0 2403 8 2438 ἓ
65 2397 342 2435 Konstruktion
361 2400 456 2434 statt
473 2397 613 2433 vallum
632 2397 674 2431 in
698 2396 817 2440 fossas

0 2450 15 2494 s
61 2450 261 2492 proi-numi,
282 2446 352 2481 wie
371 2446 468 2482 noch
489 2443 623 2487 Liv.9,
647 2447 690 2478 14
712 2445 813 2488 sagt:

0 2501 5 2529 :
66 2495 234 2530 vellerent
275 2493 414 2529 vallum
457 2496 564 2538 atque
604 2492 647 2526 in
697 2491 817 2535 fossas

0 2541 7 2589 ἴ
61 2545 292 2587 proruerent.

0 2614 4 2637 ,ι
117 2598 148 2630 7.
182 2605 357 2639 prensare
387 2592 438 2629 ist
461 2592 500 2627 in
527 2591 649 2627 dieser
673 2590 817 2627 Beden-

0 2657 7 2686 ;
66 2642 162 2687 tung
187 2640 432 2683 dichterisch,
458 2639 529 2675 wie
548 2638 651 2683 Virg.
672 2639 763 2675 Aen
784 2643 817 2674 2.

0 2690 8 2694 ⁷
67 2692 138 2724 444
156 2692 338 2734 prensant
361 2688 517 2733 fastiqia
541 2686 690 2722 demis.

3 2747 6 2749 ’
115 2744 148 2778 8.
161 2743 354 2778 haesere=
310 2741 532 2786 —oeeupati
544 2743 660 2783 erant,
674 2739 818 2785 cigent-

67 2787 144 2824 lich
175 2789 228 2825 sie
260 2789 418 2834 bingen,
454 2787 576 2823 sassen
608 2785 692 2821 fest.
742 2785 819 2821 Der

67 2834 180 2872 Dativ
204 2837 438 2872 mwm'mentis
462 2834 534 2871 wie
553 2836 654 2879 2,14
673 2834 819 2878 corpori

6 2899 8 2902 >
69 2883 146 2918 und
171 2883 285 2919 sehon
309 2883 372 2919 bei
397 2882 537 2918 Cicero.

940 1952 971 1983 9.
1005 1938 1106 1983 Uber
1137 1948 1208 1983 den
1234 1948 1390 1983 Ablativ
1421 1947 1460 1983 in
1486 1949 1641 1984 clamore

890 1999 924 2030 et
947 1996 1085 2040 impetu
1110 2007 1138 2030 s.
1159 2007 1203 2030 zu
1229 2006 1285 2040 cp.
1308 1999 1364 2030 59.

942 2052 994 2083 11.
1040 2049 1224 2084 excidium
1263 2051 1340 2084 erst
1378 2048 1450 2083 seit
1487 2048 1640 2091 Sallust,

890 2094 1014 2140 Virgil
1038 2095 1114 2130 und
1140 2095 1269 2131 Livius
1294 2095 1574 2138 gebrauohlich.

940 2153 994 2184 12.
1014 2159 1206 2184 semermus
1222 2148 1285 2184 bei
1294 2148 1381 2185 Tac.
1393 2149 1527 2184 immer
1544 2149 1642 2185 nach

889 2196 955 2232 der
975 2195 1131 2232 zweiten
1151 2195 1405 2241 Deklination‚
1432 2197 1494 2232 bei
1512 2196 1640 2232 Livius

887 2243 1077 2280 semermis.

938 2294 993 2326 13.
1026 2283 1128 2327 Uber
1158 2291 1225 2327 das
1256 2291 1431 2327 fehlende
1460 2292 1577 2337 maqis
1600 2290 1641 2326 in

888 2342 1026 2384 quanto
1050 2340 1206 2384 inopina
1231 2351 1258 2375 s,
1279 2337 1376 2374 Einl.
1397 2342 1428 2381 §-
1449 2343 1507 2383 97,
1527 2340 1560 2375 b.

939 2396 993 2429 17.
1013 2393 1179 2438 quamvis
1198 2393 1293 2428 statt
1312 2403 1532 2437 quamquam
1551 2391 1641 2427 oder

888 2440 971 2484 etsi,
1008 2439 1068 2475 ein
1103 2438 1242 2475 blosses
1277 2439 1440 2474 Faktum
1473 2438 1640 2474 bezeich-

889 2487 1004 2530 neud,
1038 2486 1093 2523 oft
1117 2486 1179 2523 bei
1205 2485 1368 2530 Tacitus,
1395 2484 1536 2520 Sueton
1562 2484 1640 2520 und

890 2533 1083 2579 Sp‘ateren.

940 2590 995 2622 18.
1035 2586 1138 2622 Statt
1171 2590 1307 2632 eyestas
1342 2586 1518 2621 erwartet
1553 2596 1641 2620 man

890 2634 1032 2678 inopia,
1059 2634 1155 2669 doch
1175 2633 1293 2669 findet
1311 2632 1392 2667 sich
1411 2632 1529 2667 sehon
1548 2632 1640 2667 ‘ahn-

890 2681 1008 2716 liches
1031 2680 1093 2716 bei
1106 2680 1258 2715 Sallust.
1287 2685 1319 2724 6,
1334 2683 1379 2714 23
1394 2683 1544 2725 egestate
1557 2680 1641 2715 cibi.

938 2733 1001 2770 69.
1041 2738 1073 2769 3.
1105 2734 1299 2778 prohibere
1335 2732 1406 2767 mit
1442 2730 1572 2767 Aecus.
1609 2743 1639 2768 c.

889 2781 1003 2823 infin.,
1029 2781 1099 2815 wie
1119 2784 1151 2824 4,
1173 2783 1229 2816 37.
1250 2780 1337 2815 hist.
1361 2784 1392 2826 1,
1414 2783 1458 2815 62
1485 2779 1560 2815 und
1578 2778 1642 2815 bei

889 2827 1118 2864 Klassikern.
1157 2827 1252 2862 Einl.
1273 2831 1303 2871 ξ.
1325 2830 1381 2864 80.

938 2885 970 2916 4.
1014 2881 1143 2927 ingens
1186 2881 1320 2926 animi,
1363 2880 1461 2917 nach
1500 2879 1643 2916 Sallust
