1760 3120
595 88 743 124 LIBER
765 88 793 125 I.
844 89 1098 125 CAP.9-10.
1577 91 1634 133 47

185 198 350 241 Multus
374 197 477 239 hinc
503 197 598 252 ipso
617 195 670 238 de
690 195 890 252 Augusto
917 210 1071 252 sermo,
1095 197 1312 265 plerisque
1338 212 1452 239 vana
1476 199 1633 240 miran-
1662 199 1688 241 9

67 257 186 301 tibus
227 256 342 313 quod
380 255 495 298 idem
537 255 629 298 dies
669 256 836 310 accepti
875 255 1093 310 quondam
1133 256 1304 312 imperii
1348 257 1548 311 princeps
1592 261 1635 300 et

67 316 183 360 vitae
215 329 452 371 supremus,
483 314 598 370 quod
622 313 799 357 Nolae
786 329 830 356 m
857 314 985 357 domo
1017 317 1060 356 et
1091 315 1287 357 cubiculo
1317 315 1365 359 in
1397 330 1481 371 quo
1512 319 1636 371 pater

67 375 158 418 eius
199 374 403 418 Octavius
443 373 581 416 vitam
621 374 841 416 finivisset.

908 388 1113 416 numerus
1158 375 1290 416 etiam
1333 375 1634 417 consulatuum

65 434 380 486 celebrabatur,
407 447 491 488 quo
510 432 734 476 Valerium
760 432 947 476 Corvum
974 435 1018 474 et
1044 431 1088 476 C.
1109 432 1298 475 Marium
1324 433 1450 476 simul
1481 448 1632 490 aequa·
1661 446 1682 477 5

66 495 204 549 verat,
242 493 495 536 continuata
532 506 610 547 per
641 495 806 548 septem
838 495 882 535 et
913 492 1096 548 triginta
1127 507 1263 535 annos
1293 493 1528 536 tribunicia
1558 508 1635 549 po-

65 555 217 607 testas,
246 567 405 595 nomen
435 551 709 606 imperatoris
741 551 875 594 semel
907 554 1035 607 atque
1068 551 1227 594 viciens
1259 554 1433 607 partum
1466 553 1635 608 aliaque

65 611 281 655 honorum
317 610 607 665 multiplicata
638 612 715 653 aut
745 625 871 654 nova.
933 614 979 652 at
1010 610 1123 666 apud
1154 611 1387 666 prudentes
1419 612 1511 654 vita
1542 612 1634 654 eius

0 703 2 707 ⁷
66 671 181 714 varie
213 670 502 713 extollebatur
534 670 863 726 arguebaturve.
925 670 971 712 hi
1002 670 1164 724 pietate
1196 684 1300 726 erga
1330 673 1558 726 parentem
1589 673 1633 713 et

64 729 376 773 necessitudine
413 729 477 771 rei
515 729 730 784 publicae,
770 729 815 771 in
846 743 933 784 qua
964 729 1108 771 nullus
1146 731 1249 772 tunc
1286 730 1458 786 legibus
1498 730 1632 785 loeus,
1662 742 1704 774 10

66 789 120 832 ad
146 804 267 832 arma
292 789 434 831 civilia
459 791 614 842 actum,
640 803 750 844 quac
775 803 916 844 neque
940 789 1086 844 parari
1110 791 1291 844 possent
1316 804 1454 844 neque
1480 789 1632 832 haberi

66 863 142 905 per
186 849 323 891 bonas
368 851 496 890 artes.

568 847 707 890 multa
750 847 963 902 Antonio,
1008 847 1109 889 dum
1152 848 1452 891 interfectores
1497 848 1635 904 patris

68 907 364 960 ulcisceretur,
395 907 533 949 multa
558 905 720 961 Lepido
754 907 1028 949 concessisse.
1077 910 1308 962 postquam
1338 907 1409 949 hic
1440 908 1636 951 socordia

66 967 268 1021 senuerit,
298 967 372 1009 ille
402 981 480 1021 per
510 965 711 1008 libidines
742 980 918 1021 pessum
951 966 1076 1008 datus
1109 966 1177 1022 sit,
1207 981 1298 1009 non
1329 966 1445 1009 aliud
1477 967 1636 1009 discor-

65 1025 207 1069 dantis
247 1026 413 1079 patriae
454 1025 690 1067 remedium
734 1026 868 1067 fuisse
912 1039 1042 1080 quam
1084 1029 1132 1067 ut
1174 1025 1228 1067 ab
1273 1040 1360 1068 uno
1404 1028 1636 1082 regeretur.
1664 1036 1708 1068 15

63 1099 152 1128 non
183 1098 317 1140 regno
348 1087 498 1127 tamen
527 1099 663 1139 neque
695 1084 928 1138 dictatura,
968 1084 1042 1126 sed
1079 1085 1286 1139 principis
1324 1085 1498 1127 nomine
1536 1099 1635 1127 con-

66 1144 265 1186 stitutam
290 1158 382 1186 rem
412 1143 646 1199 publicam,
677 1143 787 1184 mari
813 1143 983 1186 Oceano
1016 1146 1094 1185 aut
1125 1143 1323 1185 amnibus
1356 1144 1635 1200 longuinquis

67 1205 264 1259 saeptum
296 1203 535 1258 imperium.
596 1202 807 1258 legiones,
837 1202 1102 1257 provincias,
1134 1203 1308 1258 classes,
1340 1206 1493 1245 cuncta
1523 1203 1636 1245 inter

67 1277 113 1304 se
140 1277 319 1317 conexa3
344 1262 411 1304 ius
438 1261 553 1316 apud
578 1261 704 1316 cives,
729 1261 986 1304 modestiam
1013 1261 1126 1316 apud
1147 1261 1301 1317 socios,
1325 1262 1476 1304 urbem
1495 1262 1634 1317 ipsam

69 1321 315 1378 magnifico*
345 1324 519 1375 ornatu3
562 1335 700 1376 pauca
743 1320 973 1363 admodum
1017 1321 1059 1363 vi
1101 1323 1309 1376 tractata,
1354 1335 1438 1376 quo
1483 1321 1636 1363 ceteris
1663 1332 1708 1363 20

70 1380 190 1435 quies
222 1382 348 1422 esset.

184 1438 421 1482 Dicebatur
452 1442 620 1481 contra:
653 1438 862 1493 pietatem
894 1452 996 1494 erga
1028 1441 1250 1493 parentem
1277 1440 1320 1480 et
1343 1442 1542 1493 tempora
1572 1440 1634 1481 rei
1655 1439 1708 1482 10

0 1495 2 1497 ’
66 1498 266 1554 publicae
292 1497 491 1541 obtentui
516 1501 700 1553 sumpta,
731 1500 920 1540 ceterum
946 1497 1143 1553 cupidine
1169 1498 1421 1540 dominandi
1446 1498 1635 1541 concitos

68 1572 147 1613 per
171 1557 448 1613 largitionem
466 1559 705 1611 veteranos,
730 1559 931 1612 paratum
951 1557 1006 1598 ab
1034 1556 1306 1599 adulescente
1324 1557 1496 1612 privato
1517 1571 1634 1599 exer-

66 1616 219 1671 citum,
256 1618 480 1671 corruptas
518 1615 707 1659 consulis
739 1615 954 1672 legiones,
993 1616 1243 1658 simulatam
1274 1615 1638 1671 Pompeianarum

65 1675 253 1731 gratiam
278 1675 478 1731 partium.
528 1690 630 1717 mox
654 1675 729 1717 ubi
761 1675 931 1717 decreto
964 1678 1137 1731 patrum
1167 1675 1307 1717 fasces
1340 1678 1384 1717 et
1414 1676 1482 1718 ius
1513 1690 1634 1731 prae·
1661 1687 1681 1718 5

64 1735 173 1777 toris
211 1735 434 1790 invaserit,
471 1735 607 1777 caesis
638 1733 783 1777 Hirtio
822 1737 865 1776 et
894 1733 1054 1789 Pansa,
1093 1735 1182 1777 sive
1221 1735 1362 1777 hostis
1400 1735 1521 1790 illos,
1560 1749 1636 1777 seu

112 1874 152 1910 9.
185 1878 218 1910 2.
250 1875 345 1910 idem
369 1875 455 1910 dies.
494 1874 564 1908 Am
593 1877 646 1909 19.
667 1873 815 1919 August

65 1924 111 1957 43
138 1934 172 1956 v.
193 1921 277 1957 Chr.
298 1923 376 1956 trat
401 1932 440 1956 er
466 1919 546 1956 sein
572 1922 688 1956 erstes
715 1920 813 1956 Kon-

66 1968 166 2004 sulat
190 1979 248 2004 an.
298 1968 354 2003 Im
377 1978 520 2013 ganzen
546 1979 623 2002 war
648 1979 688 2003 er
716 1967 813 2003 drei-

66 2016 160 2052 181111
184 2015 261 2050 Mal
295 2014 454 2058 Konsul,
486 2015 566 2050 also
598 2025 639 2050 so
670 2014 728 2050 oft
757 2015 813 2050 als

66 2062 205 2099 Corvus
241 2062 319 2098 und
355 2061 494 2097 Marius
537 2072 812 2107 zusammenge-

67 2120 259 2154 nommen,
284 2109 383 2144 denn
404 2108 513 2154 jener
536 2119 615 2144 war
639 2120 678 2144 es
705 2107 822 2144 sechs'

66 2156 156 2202 Mal,
182 2156 303 2192 dieser
328 2156 454 2192 sieben
479 2155 557 2191 Mal
581 2166 765 2201 gewesen.

115 2184 262 2240 6111181·
275 2203 336 2240 die
349 2204 486 2240 tribun.
495 2207 657 2249 potestas
670 2215 698 2239 s.
713 2215 770 2249 cp.
779 2207 812 2240 2.

115 2255 148 2287 7.
175 2252 253 2287 alia
270 2252 459 2293 honorum,
480 2263 508 2286 s.
527 2249 623 2286 Einl.
645 2254 678 2294 ξ.
698 2255 756 2286 40.
776 2252 811 2287 b.

114 2302 148 2335 9.
162 2302 363 2344 parentem,
376 2298 541 2334 namlich
553 2297 674 2334 Julius
686 2297 812 2334 Casar.

69 2345 108 2381 [n
152 2346 237 2382 dem
274 2346 382 2382 Satze
424 2345 522 2381 fehlt
563 2345 624 2381 ein
666 2344 812 2381 aktives

68 2393 232 2429 Verbum
266 2392 431 2438 dicendi,
469 2404 536 2428 aus
572 2392 644 2428 den
677 2392 813 2428 beiden

70 2440 396 2486 voraufgehenden
438 2439 602 2476 Passivis
645 2452 690 2475 zu
733 2441 813 2476 ent-

70 2487 241 2524 11811111811.
270 2487 306 2523 S.
324 2487 424 2523 Einl.
443 2490 475 2531 ξ.
496 2491 553 2523 21.

119 2538 174 2571 17.
199 2534 270 2571 Die
287 2534 400 2571 Form
417 2545 517 2571 mare
537 2534 703 2571 Oceanus
721 2535 817 2570 auch

69 2581 155 2618 hist.
191 2586 230 2625 4,
266 2586 309 2617 12
347 2582 423 2617 und
461 2581 542 2619 Cas.
576 2581 613 2617 b.
640 2595 675 2628 g.
708 2587 747 2626 3,
784 2586 816 2618 7.

0 2632 3 2661 ἶ
69 2640 168 2665 mare
202 2630 355 2665 Hadria
389 2640 474 2665 ann.
511 2632 572 2674 15,
609 2633 666 2665 34.
715 2630 818 2665 sidus

0 2697 8 2719 ς
70 2679 215 2714 cometes
246 2680 309 2721 14,
335 2680 391 2712 22.
425 2681 487 2721 15,
512 2680 570 2712 47.
619 2677 819 2722 imperator

65 2725 228 2770 populus
253 2728 286 2767 3,
313 2727 345 2759 6.

121 2774 176 2808 19.
197 2781 344 2816 coneaea,
363 2770 506 2817 infolge
526 2769 628 2806 einer
646 2771 819 2806 besseren

0 2804 7 2855 ῙῘ
71 2817 317 2864 Verwaltung
353 2818 430 2853 und
467 2817 709 2864 Herstellung
746 2829 818 2853 von

0 2866 26 2902 '1'-
72 2863 497 2911 Verbindungsmitteln.

0 2943 14 2990 i:

0 3056 16 3105 ,ἔτ

934 1877 990 1909 20.
1011 1874 1063 1908 Er
1083 1874 1187 1909 hatte
1200 1876 1246 1908 82
1261 1874 1419 1919 Tempel
1436 1874 1636 1919 renoviert,

886 1920 1021 1956 andere
1071 1921 1181 1956 nebst
1226 1920 1431 1966 Theatern,
1482 1920 1636 1956 Saulen-

885 1966 1031 2011 hallen‚
1076 1968 1421 2013 Wasserleitungen
1463 1979 1538 2003 neu
1581 1980 1634 2004 er-

884 2015 995 2058 baut,
1028 2015 1068 2050 in
1103 2014 1175 2050 den
1209 2014 1389 2060 Tempeln
1425 2014 1634 2051 zahlreiche

884 2060 1209 2106 Weihgeschenke
1224 2061 1449 2108 aufgestellt.
1461 2073 1636 2108 —pauca

884 2109 1079 2144 admodum
1118 2110 1172 2152 vi,
1217 2109 1316 2145 denn
1351 2119 1390 2144 er
1426 2121 1504 2145 war
1541 2109 1636 2154 klug

885 2167 1028 2201 genug,
1060 2155 1259 2201 politische
1283 2156 1534 2202 Neuerungen
1563 2157 1636 2192 mit

885 2203 988 2239 Hilfe
1007 2204 1072 2238 des
1092 2202 1260 2247 Senates,
1289 2204 1368 2240 also
1388 2204 1456 2240 auf
1471 2204 1634 2250 legalem

886 2251 1005 2297 wege
1030 2251 1282 2287 einzuffihren.

932 2297 996 2334 10.
1041 2302 1073 2334 2.
1118 2301 1270 2334 ceterum
1313 2297 1390 2334 fast
1432 2297 1559 2344 gleich
1597 2310 1636 2334 re

884 2356 992 2388 vera,
1023 2345 1119 2381 auch
1145 2357 1200 2391 cp.
1230 2349 1275 2380 14
1299 2346 1378 2380 und
1403 2346 1519 2390 oster,
1546 2346 1637 2381 aber

885 2404 954 2427 nur
987 2392 1027 2427 in
1064 2392 1136 2428 den
1169 2393 1355 2439 Annalen,
1390 2394 1514 2428 zuerst
1545 2392 1635 2428 Sall.

885 2440 970 2485 Jug.
993 2443 1049 2483 76,
1071 2443 1102 2475 1.

935 2491 970 2522 4.
1019 2490 1220 2533 corruptas.
1288 2487 1386 2522 Kurz
1435 2497 1502 2522 vor
1550 2486 1636 2521 dem

888 2533 1207 2570 Mutinensischen
1230 2533 1384 2579 Kriege,
1411 2537 1458 2569 44
1484 2546 1517 2568 v.
1538 2532 1635 2578 chr„

889 2591 1047 2626 gewann
1079 2581 1268 2617 Oktavian
1305 2582 1414 2616 einen
1452 2580 1534 2615 Teil
1571 2581 1638 2616 der

889 2628 1100 2664 Veteranen
1130 2628 1208 2663 und
1239 2627 1330 2664 zwei
1354 2628 1545 2673 Legionen
1570 2627 1636 2663 des

890 2675 1093 2721 Antonius,
1125 2675 1191 2710 der
1215 2674 1357 2711 Konsul
1382 2686 1469 2710 war.
1496 2695 1539 2700 —
1566 2674 1636 2710 Die

890 2703 1205 2768 Kteuzstellung'
1195 2734 1234 2757 1n
1254 2722 1327 2758 den
1344 2721 1502 2757 Worten
1525 2722 1636 2757 simu-

892 2770 1006 2805 latam
1026 2770 1254 2815 -partium
1280 2769 1332 2804 ist
1362 2769 1497 2805 hochst
1522 2780 1636 2815 unge-

891 2817 1081 2852 wohnlich
1106 2815 1168 2852 bei
1194 2817 1356 2852 Tacitus.

941 2868 972 2900 5.
999 2865 1059 2900 ius
1078 2865 1274 2909 praetoria
1300 2864 1356 2900 als
1381 2864 1593 2909 Propr'ator.
