1820 3100
575 95 723 133 LIBER.
741 96 807 133 VI.
853 96 956 134 CAP.
977 100 1080 133 8-9,
1535 96 1623 139 265

61 205 205 248 officia
236 206 282 247 in
311 219 358 248 re
387 204 563 260 publica
588 208 884 260 capessentem
910 204 1172 247 colebamus.
1221 219 1309 247 non
1335 207 1402 246 est
1426 208 1624 247 nostrum

60 265 288 307 aestimare
327 278 452 320 quem
492 278 621 319 supra
661 265 829 306 ceteros
868 266 912 306 et
948 263 1103 319 quibus
1144 263 1196 305 de
1237 263 1380 306 causis
1422 264 1623 306 extollas:

55 324 139 366 tibi
171 338 389 367 summum
419 337 563 365 rerum
593 321 798 365 iudicium
830 322 873 364 di
904 322 1069 377 dedere,
1099 322 1225 365 nobis
1257 322 1454 378 obsequii
1485 322 1626 378 gloria

55 382 209 426 relicta
240 386 319 426 est.
379 384 623 438 spectamus
653 395 784 437 porro
817 396 927 437 quae
958 396 1103 424 coram
1134 382 1368 437 habentur,
1401 382 1469 424 cui
1501 396 1553 423 ex
1582 384 1626 424 te

57 456 159 497 opes
197 442 402 497 honores,
440 440 535 496 quis
572 441 760 496 plurima
789 440 966 483 iuvandi
998 441 1233 484 nocendive
1265 442 1478 496 potentia,
1517 455 1626 496 quae
1652 454 1697 487 20

59 499 215 543 Seiano
246 500 381 543 fuisse
412 514 539 542 nemo
570 500 805 556 negaverit.
868 499 1038 542 abditos
1070 500 1282 555 principis
1316 514 1480 554 sensus,
1512 503 1557 542 et
1588 500 1625 542 si

56 560 159 615 quid
202 560 410 603 occultius
453 562 601 614 parat,
645 559 868 614 exquirere
907 559 1143 614 inlicitum,
1187 573 1363 615 anceps:
1408 573 1488 602 nec
1527 559 1626 601 ideo

56 618 305 674 adsequare.
366 633 440 674 ne,
477 621 623 674 patres
661 618 914 674 conscripti,
952 619 1154 660 ultimum
1194 617 1340 661 Seiani
1377 618 1511 671 diem,
1551 618 1626 660 sed

57 678 242 720 sedecim
274 692 410 720 annos
442 678 748 733 cogitaveritis.
797 678 927 720 etiam
957 677 1148 720 Satrium
1179 680 1311 733 atque
1335 677 1627 733 Pomponium

57 737 386 793 venerabamur3
417 737 584 779 libertis
618 751 788 792 quoque
819 751 870 779 ac
894 737 1155 780 ianitoribus
1181 738 1273 779 eius
1298 739 1520 780 notescere
1546 751 1626 791 pro
1654 749 1698 782 25

56 797 288 852 magnifico
322 796 624 851 accipiebatur.
689 796 792 852 quid
824 796 958 852 ergo?
1010 796 1262 839 indistincta
1297 796 1404 839 haec
1436 796 1626 838 defensio

57 858 100 898 et
130 856 345 910 promisca
375 855 576 898 dabitur?
609 855 742 898 immo
774 855 903 898 iustis
934 855 1132 898 terminis
1165 856 1394 898 dividatur.
1442 855 1627 898 insidiae

55 914 102 956 in
132 929 222 958 rem
252 915 489 970 publicam,
521 914 701 958 consilia
732 915 875 957 caedis
908 915 1135 957 adversum
1165 915 1472 971 imperatorem
1502 914 1627 970 puni·

58 976 205 1016 antur:
243 974 294 1016 de
327 974 519 1016 amicitia
550 977 593 1016 et
624 974 779 1017 officiis
811 974 925 1017 idem
956 974 1055 1016 finis
1088 977 1131 1016 et
1160 977 1223 1030 te,
1256 973 1435 1029 Caesar,
1473 976 1516 1016 et
1545 988 1626 1016 nos

59 1032 322 1076 absolverit.³
1654 1045 1700 1078 30

177 1090 434 1135 Constantia
478 1092 712 1147 orationis,
755 1094 798 1134 et
841 1093 942 1147 quia
979 1095 1174 1147 repertus
1212 1095 1305 1135 erat
1340 1092 1414 1148 qui
1458 1091 1630 1134 efferret
1655 1094 1682 1136 9

59 1165 169 1206 quae
201 1165 349 1193 omnes
376 1152 519 1193 animo
547 1151 786 1207 agitabant,
817 1165 866 1193 eo
893 1166 1029 1207 usque
1054 1155 1247 1207 potuere,
1278 1154 1328 1194 ut
1353 1154 1628 1194 accusatores

59 1211 172 1264 eius,
210 1210 369 1253 additis
408 1225 517 1266 quae
555 1213 657 1252 ante
694 1211 984 1266 deliquerant,
1025 1211 1155 1253 exilio
1194 1213 1271 1253 aut
1301 1214 1441 1253 morte
1473 1210 1628 1252 multa-

59 1271 222 1311 rentur.

179 1327 359 1371 Secutae
404 1328 559 1371 dehinc
602 1328 765 1371 Tiberii
810 1328 980 1371 litterae
1023 1329 1069 1371 in
1110 1327 1206 1372 Sex,
1237 1328 1464 1371 Vistilium
1508 1342 1628 1384 prae·
1655 1342 1676 1373 5

58 1387 232 1442 torium,
264 1403 392 1444 quem
417 1387 562 1430 Druso
588 1387 713 1429 fratri
744 1402 969 1442 percarum
999 1389 1045 1430 in
1077 1388 1300 1431 cohortem
1333 1403 1455 1430 suam
1487 1391 1629 1430 trans-

58 1447 234 1489 tulerat.
283 1462 413 1490 causa
445 1446 694 1489 offensionis
723 1446 897 1489 Vistilio
930 1447 1026 1503 fuit,
1058 1462 1134 1489 seu
1165 1451 1468 1503 composuerat
1501 1461 1630 1502 quae-

60 1506 161 1548 dam
186 1507 231 1548 in
256 1505 412 1549 Gaium
439 1505 669 1549 Caesarem
693 1508 742 1548 ut
766 1506 1044 1562 impudicum,
1076 1507 1164 1549 sive
1196 1507 1298 1549 ficto
1328 1506 1482 1549 habita
1512 1506 1631 1548 fides.

60 1568 189 1621 atque
229 1566 285 1608 ob
326 1565 371 1607 id
412 1565 612 1608 convictu
652 1565 861 1621 principis
901 1565 1151 1622 prohibitus
1192 1581 1289 1609 cum
1332 1566 1458 1608 senili
1499 1580 1631 1608 manu

58 1623 222 1667 ferrum
247 1625 563 1680 temptavisset,
595 1624 764 1680 obligat
789 1639 939 1682 venas3
971 1627 1256 1681 precatusque
1288 1640 1365 1680 per
1396 1625 1630 1680 codicillos,
1659 1637 1702 1669 10

59 1683 219 1727 immiti
244 1684 455 1739 rescripto
482 1698 614 1726 venas
640 1684 831 1728 resolvit.
875 1685 1107 1727 acervatim
1135 1700 1187 1727 ex
1212 1699 1262 1727 eo
1282 1684 1453 1727 Annius
1473 1684 1632 1739 Pollio,

61 1743 232 1798 Appius
278 1741 452 1786 Silanus
497 1741 658 1786 Scauro
702 1743 921 1786 Mamerco
967 1744 1097 1786 simul
1142 1758 1191 1786 ac
1235 1742 1397 1786 Sabino
1442 1743 1633 1787 Calvisio

62 1802 306 1845 maiestatis
331 1802 625 1858 postulantur,
650 1805 694 1844 et
718 1801 973 1845 Vinicianus
999 1803 1188 1851 Pollioni
1214 1804 1331 1859 patri
1357 1803 1634 1858 adiciebatur,

115 1955 171 1987 16.
215 1963 289 1987 non
326 1955 376 1987 est
412 1955 579 1988 nostrum
615 1956 674 1990 ctt.
715 1952 812 1991 „Der-
936 1958 968 1989 6.
995 1953 1131 1998 cohors,
1156 1953 1321 1989 namlich
1343 1955 1552 1998 amicornm,
1573 1954 1634 1990 die

66 1998 167 2035 selbe
202 1998 380 2035 Gedanke
412 1999 533 2035 lautet
563 1999 626 2035 bei
658 2000 729 2036 Dio
755 2005 814 2056 58,
886 2001 1041 2036 nachste
1066 2001 1294 2047 Umgebung
1319 2001 1385 2036 des
1411 2000 1572 2037 Kaisers.

65 2050 113 2082 19
132 2046 198 2082 καὶ
223 2059 316 2104 γαρ
321 2059 381 2103 ²⁰²,
403 2044 585 2101 προσήκει
606 2044 700 2105 ἡμῖν
719 2045 814 2104 ’ξᾶν-
938 2063 994 2095 11.
1032 2059 1184 2096 Annius
1207 2060 1346 2104 Pollio,
1386 2060 1492 2095 sonst
1529 2059 1636 2096 nicht

62 2107 129 2134 τας
145 2091 233 2134 ῑθὺῖ
245 2090 316 2129 ὑπ
333 2089 451 2129 αὐτοῦ
471 2092 706 2151 τιμωμένους
719 2108 813 2154 αγξῑ·
886 2107 1073 2150 erwahnt‚
1105 2107 1156 2143 ist
1189 2107 1254 2142 der
1278 2107 1396 2143 Vater
1428 2108 1493 2142 dee
1521 2106 1635 2143 nach-

62 2141 158 2199 πᾶν,
190 2138 240 2186 μὴ
273 2142 654 2187 πολυπραγμονοῦσιν
687 2139 814 2178 θπθῖθι
885 2154 954 2190 her
986 2156 1200 2200 genannten
1232 2154 1377 2190 Annius
1404 2153 1632 2199 Vinicianus,

64 2187 165 2229 τινές
191 2187 297 2224 fl‘m'·
885 2201 1046 2237 welcher
1066 2202 1194 2247 spater
1212 2214 1297 2237 zum
1316 2202 1549 2248 Nachfolger
1568 2202 1634 2238 des

81 2289 89 2296 ,
112 2245 168 2278 19·
200 2252 322 2278 ewam
350 2241 532 2278 habentur
563 2253 654 2286 „V01'
679 2242 811 2288 Augen
886 2248 1058 2295 Caligula
1076 2250 1374 2295 vorgeschlagen
1399 2250 1504 2294 wird,
1528 2249 1581 2284 im
1599 2250 1633 2286 J.

63 2288 192 2335 ῙῑθὲΨ·
326 2337 333 2344 ,
512 2337 519 2343 ,
883 2300 929 2332 42
949 2296 1022 2332 den
1042 2296 1222 2332 Camillus
1249 2298 1288 2332 in
1307 2296 1524 2333 Dalmatien
1549 2307 1634 2332 ver-

112 2340 168 2372 20·
193 2339 369 2382 Ρθῗθηΐῑα,
394 2336 557 2374 Ablafelv-
883 2343 1033 2388 anlafst,
1054 2344 1134 2379 sich
1153 2355 1275 2391 gegen
1295 2343 1473 2380 Claudius
1492 2356 1538 2379 zu
1558 2355 1632 2380 em-

103 2387 169 2438 ·24.
195 2383 352 2438 ‚Satrius
383 2383 489 2438 hat-te
520 2385 573 2419 im
598 2384 631 2419 J·
660 2388 704 2420 25
738 2384 811 2420 den
882 2395 1015 2437 poten,
1047 2392 1140 2436 und,
1173 2393 1230 2427 als
1256 2392 1324 2428 das
1351 2392 1634 2428 Unternehmen

63 2429 274 2467 Histonker
294 2430 504 2467 Cremutius
531 2430 671 2467 Cordus
698 2444 809 2477 ange·
882 2438 1130 2484 fehlschlagt,
1155 2437 1234 2475 sich
1259 2439 1371 2475 totet.

64 2478 244 2540 khgt',—
264 2478 488 2540 {bznponius
508 2479 559 2538 {St
578 2479 809 2544 unbekansst‘
932 2501 988 2534 12.
1019 2488 1121 2533 'Uber
1146 2497 1311 2541 Silanus,
1336 2497 1480 2533 Konsul
1506 2497 1571 2532 des
1596 2498 1628 2533 J.

113 2535 170 2568 26.
201 2532 440 2568 mdwtmctus
470 2532 531 2567 bei
561 2531 710 2568 Tacitus
745 2546 808 2568 απ.
884 2548 930 2580 23
955 2557 990 2580 n·
1018 2544 1123 2589 chr„
1150 2556 1177 2580 Β,
1204 2550 1237 2589 3,
1265 2548 1417 2580 66-69.
1445 2563 1490 2570 .-
1515 2544 1632 2580 Scau-

65 2576 360 2662 {cl‘ssjgsig{¹ss‚⁵⁰hr
392 2580 554 2615 seltenes
585 2579 710 2623 wort·
742 2592 811 2615 ΠΗ·
883 2603 950 2628 rus
973 2591 1025 2627 ist
1050 2591 1111 2627 ein
1136 2591 1393 2628 tallentvoller
1419 2591 1578 2636 Redner,
1604 2604 1631 2628 s.

887 2645 925 2684 1,
952 2642 1008 2674 13.
1035 2659 1079 2665 —
1105 2640 1215 2675 simul
1239 2639 1290 2674 ist
1314 2638 1570 2684 Praposition‚
1605 2651 1632 2675 s.

115 2682 171 2715 29.
196 2679 283 2723 finis
307 2679 386 2715 scil.
407 2679 592 2715 amicitiae
615 2683 648 2715 et
673 2680 810 2724 Officio·
884 2698 929 2721 zu
948 2690 981 2729 3,
1002 2689 1065 2728 643
1090 2685 1153 2722 bei
1178 2686 1279 2722 einer
1298 2686 1535 2732 Aufzahlung
1558 2697 1634 2722 von

68 2736 150 2761 rum
175 2737 263 2773 crya
287 2725 472 2763 Seianum
884 2732 1160 2778 Eigennamen,
1186 2732 1257 2769 wie
1282 2732 1380 2778 hier,
1406 2735 1502 2769 auch
1526 2737 1560 2777 4,
1588 2737 1634 2770 55

115 2778 154 2815 9.
179 2783 213 2816 2.
233 2784 385 2826 potuere
409 2780 480 2815 mit
503 2779 625 2815 einem
651 2779 812 2825 Adverb‚
884 2781 1105 2816 Laodicenis
1124 2791 1167 2816 ac
1186 2781 1423 2826 Maynetibus
1441 2782 1562 2817 simul.
1585 2801 1632 2808 —

69 2824 139 2861 wie
164 2825 245 2862 Cas.
266 2828 300 2862 b.
322 2839 357 2873 g.
380 2831 416 2872 1,
439 2830 482 2862 18
509 2828 611 2872 apud
635 2828 815 2872 finitimas
888 2827 1072 2864 Calvisius
1102 2827 1266 2864 Sabinus
1295 2839 1372 2864 war
1406 2827 1549 2864 Konsul
1581 2829 1634 2864 im

71 2872 232 2910 civitates
256 2874 408 2918 larqiter
428 2885 542 2919 posse
885 2875 919 2910 J.
946 2879 1002 2911 26.
