1794 3126
95 328 152 370 46

99 976 154 1018 47

105 1509 161 1552 48

165 41 253 85 200

606 45 835 82 CORNELII
859 44 1020 81 TACITI
1045 45 1303 84 ANNALIUM

97 161 140 194 15
169 149 329 194 Seneca
367 152 610 207 proditione
649 154 791 196 liberti
828 169 902 196 seu
932 154 1110 221 propria
1139 154 1389 209 formidine,
1425 155 1526 197 dum
1557 155 1744 210 persim-

165 210 269 265 plici
310 211 426 254 victu
471 214 514 254 et
551 213 793 268 agrestibus
830 213 989 268 pomis,
1034 227 1083 255 ac
1121 213 1158 255 si
1197 213 1289 256 sitis
1330 188 1597 269 ad'moneret,
1639 228 1739 269 pro·

165 267 325 311 fluente
359 285 471 326 aqua
500 271 635 314 vitam
666 272 836 314 tolerat.

285 327 367 371 Per
415 330 530 372 idem
578 333 749 385 tempus
796 330 1056 386 gladiatores
1100 331 1213 386 apud
1258 330 1464 385 oppidum
1506 330 1740 374 Praeneste

165 388 379 443 temptata
410 389 635 443 eruptione
666 389 880 445 praesidio
912 389 1075 445 militis,
1108 390 1180 445 qui
1206 392 1350 431 eustos
1376 389 1534 445 aderat,
1566 389 1740 432 coerciti

168 448 281 502 sunt,
311 447 398 488 iam
432 447 683 503 Spartacum
717 450 760 489 et
790 450 935 490 vetera
966 449 1082 490 mala
1113 448 1353 494 rumoribus
1379 448 1541 490 ferente
1565 448 1740 504 populo,

166 506 216 546 ut
259 507 325 547 est
368 520 579 549 novarum
616 521 759 548 rerum
797 507 971 561 cupiens
1009 507 1285 562 pavidusque.

1351 521 1430 549 nec
1468 507 1604 550 multo
1641 509 1743 563 post

121 574 141 606 5
167 563 309 605 clades
340 565 402 606 rei
432 565 601 607 navalis
634 565 860 620 accipitur,
891 579 978 607 non
1009 567 1122 608 bello
1155 565 1332 621 (quippe
1363 565 1479 608 haud
1511 566 1618 608 alias
1649 569 1743 609 tam

167 622 349 664 immota
379 622 501 680 pax),
540 623 614 665 sed
646 626 810 665 certum
843 624 896 665 ad
928 623 1040 665 diem
1072 625 1119 666 in
1151 623 1434 679 Campaniam
1464 625 1602 667 redire
1634 625 1742 668 clas·

170 694 258 722 sem
289 680 405 724 Nero
443 682 647 737 iusserat,
683 696 773 724 non
810 682 999 737 exceptis
1037 683 1168 725 maris
1206 684 1386 726 casibus.
1449 697 1552 740 ergo
1588 684 1745 740 guber-

169 741 355 795 natores,
388 741 583 795 quamvis
617 741 833 783 saeviente
864 741 1033 797 pelago,
1066 757 1091 784 a
1115 741 1300 784 Formiis
1327 757 1518 798 movere3
1550 745 1595 784 et
1620 743 1743 799 gravi

168 797 336 854 Africo,
382 799 483 842 dum
526 801 873 854 promunturium
910 800 1066 842 Miseni
1105 815 1305 855 superare
1343 775 1622 857 contendunt,
1661 801 1743 845 Cu-

101 868 144 900 10
169 858 309 899 manis
340 858 542 901 litoribus
573 859 737 914 inpacti
768 859 1009 902 triremium
1040 859 1266 915 plerasque
1297 861 1341 902 et
1371 860 1537 902 minora
1567 861 1746 916 navigia

170 916 333 971 passim
364 918 611 960 amiserunt.

290 975 398 1017 Fine
422 977 523 1018 anni
543 978 778 1033 vulgantur
796 977 1007 1033 prodigia,
1026 977 1327 1019 inminentium
1346 977 1560 1019 malorum
1579 979 1749 1021 nuntia.

170 1034 236 1076 vis
274 1034 496 1090 fulgurum
532 1050 622 1078 non
659 1036 767 1078 alias
805 1037 1013 1091 crebrior,
1057 1039 1100 1078 et
1137 1036 1253 1078 sidus
1292 1038 1497 1091 cometes,
1535 1037 1754 1092 sanguine·

171 1092 346 1135 inlustri
372 1108 540 1149 semper
565 1094 730 1137 Neroni
755 1096 987 1150 expiatum.
1035 1095 1234 1150 bicipites
1262 1094 1485 1137 hominum
1511 1094 1747 1138 aliorumve

173 1151 425 1194 animalium
456 1155 607 1208 partus
640 1154 796 1196 abiecti
827 1154 872 1195 in
904 1154 1123 1210 publicum
1155 1156 1230 1196 aut
1258 1154 1303 1195 in
1329 1153 1560 1209 sacrificiis,
1591 1155 1756 1209 quibus.

127 1225 147 1257 5
174 1211 376 1267 gravidas
412 1211 579 1255 hostias
617 1213 827 1255 inmolare
864 1228 959 1256 mos
999 1215 1085 1268 est,
1121 1213 1292 1267 reperti.
1355 1214 1398 1254 et
1435 1213 1481 1255 in
1513 1226 1617 1268 agro
1648 1212 1748 1256 Pla-

174 1270 347 1312 centino
384 1271 499 1313 viam
536 1274 714 1327 propter
750 1274 878 1314 natus
913 1272 1091 1327 vitulus,
1129 1272 1197 1314 cui
1229 1274 1357 1326 caput
1387 1271 1433 1313 in
1465 1285 1586 1314 crure
1618 1274 1754 1329 esset3v

174 1331 405 1384 secutaque
436 1330 714 1385 haruspicum
746 1331 1066 1386 interpretatio,
1104 1330 1249 1386 parari
1285 1345 1426 1372 rerum
1460 1330 1752 1373 humanarum

174 1387 290 1429 aliud
327 1390 474 1444 caput,
518 1390 592 1431 sed
632 1404 721 1432 non
758 1389 849 1432 fore
887 1390 1076 1432 validum
1113 1404 1250 1444 neque
1289 1389 1522 1444 occultum,
1567 1390 1668 1445 quia
1703 1390 1754 1432 in

175 1448 298 1488 utero
330 1462 573 1502 repressum
606 1450 682 1490 aut
712 1449 794 1490 iter
825 1449 946 1491 iuxta
978 1448 1138 1490 editum
1172 1448 1239 1490 sit.

295 1505 453 1548 Ineunt
491 1507 643 1548 deinde
682 1508 954 1550 consulatum
987 1507 1116 1550 Silius
1148 1507 1293 1549 Nerva
1328 1509 1372 1548 et
1402 1506 1574 1549 Atticus
1605 1506 1749 1549 Vesti-

175 1579 270 1619 nus,
302 1567 454 1620 eoepta
487 1566 615 1607 simul
646 1568 689 1607 et
722 1568 847 1608 aucta
879 1566 1183 1620 coniuratione,
1214 1566 1260 1607 in
1292 1579 1420 1620 quam
1450 1565 1646 1607 certatim
1671 1580 1749 1608 no-

231 1683 285 1717 15.
318 1681 538 1726 persimplex
563 1680 614 1715 ist
638 1676 702 1716 ἅπ.
729 1677 796 1727 εἰρ.

229 1773 294 1810 46.
329 1778 359 1810 1.
385 1774 585 1810 Praeneste
607 1775 672 1820 lag
690 1775 775 1811 ffinf
789 1774 929 1811 Meilen

183 1820 319 1857 ostlieh
344 1832 418 1857 von
442 1822 548 1857 Rom.

227 1873 260 1904 3.
300 1867 374 1903 Der
407 1867 592 1904 Aufstand
632 1869 696 1904 des
728 1869 929 1914 Spartacus

182 1916 336 1950 dauerte
361 1927 435 1951 von
461 1920 600 1951 73—71
630 1928 662 1952 v.
684 1915 767 1951 Chr.
796 1937 840 1942 —
865 1928 927 1951 ru-

180 1963 343 1998 moribus
372 1964 469 2006 ferre
498 1964 596 1998 nach
626 1962 704 1998 Liv.
732 1967 771 2006 4,
791 1967 812 1998 5
841 1964 931 2007 ferte

180 2011 405 2045 sermonibus
430 2014 463 2045 et
480 2011 722 2055 multiplicate
739 2011 843 2054 fama
862 2011 931 2046 bel-

181 2058 267 2093 Zum.
318 2061 384 2101 23,
409 2061 452 2093 31
480 2061 606 2102 patres
637 2058 692 2092 ita
715 2059 818 2101 fama
842 2058 930 2101 fere-

182 2105 281 2139 baut.

229 2155 265 2187 8.
297 2149 468 2186 Formiae
500 2151 564 2196 lag
588 2152 627 2186 in
651 2151 810 2188 Latium.
860 2152 930 2187 Die

182 2198 301 2233 Fahrt
325 2198 416 2242 ging
436 2198 514 2234 also
535 2198 742 2234 sudostlieh
762 2198 834 2233 mit
851 2199 931 2233 hal-

185 2245 273 2280 bem
298 2244 453 2288 Winde3
488 2245 554 2280 der
578 2245 725 2281 Africus
757 2245 808 2281 ist
837 2246 934 2280 nach

189 2291 575 2373 dengwolfteiligen
624 2292 821 2327 Windrose
869 2293 935 2328 der

233 2389 266 2420 9.
309 2385 452 2420 Miseni
489 2386 583 2421 statt
622 2387 826 2430 Misenum,
863 2386 934 2422 wie

188 2433 286 2468 auch
312 2437 351 2478 6,
378 2435 435 2467 50.

232 2527 297 2562 47.
331 2531 364 2562 2.
396 2527 499 2562 sidus
519 2530 663 2562 cometes
683 2527 779 2562 auch
800 2531 856 2571 14,
877 2531 934 2563 22.

185 2575 241 2609 Im
265 2574 377 2609 Jahre
399 2577 454 2618 60,
480 2586 537 2609 wo
565 2574 746 2609 ebenfalls
773 2574 834 2609 ein
860 2574 935 2609 Ko-

189 2622 267 2656 met
286 2621 472 2656 erscheint
490 2621 565 2656 und
578 2621 677 2656 Nero
698 2621 814 2656 durch
828 2621 936 2656 einen

187 2667 420 2713 Blitzsehlag
463 2668 502 2702 in
541 2668 717 2703 nachster
752 2667 859 2703 Nahe
897 2668 937 2703 in

190 2714 400 2750 Sehrecken
425 2716 542 2759 gerat,
574 2715 745 2760 begnu'gt
777 2726 816 2750 er
845 2714 935 2759 sich,

191 2761 263 2796 den
295 2761 489 2797 Rubellius
519 2762 674 2797 Plautus
706 2773 750 2796 zu
781 2761 936 2797 verban-

188 2819 271 2843 nen.
321 2808 446 2844 Daher
484 2807 629 2844 scheint
663 2808 729 2844 das
760 2808 936 2854 folgende

1001 1692 1137 1726 semper
1169 1680 1250 1716 eine
1283 1672 1558 1726 Ubertreibung
1588 1692 1634 1718 zu
1667 1682 1747 1716 ent-

1001 1729 1142 1763 halten.

1049 1779 1081 1811 5.
1107 1774 1313 1819 Placentia,
1336 1774 1408 1810 seit
1427 1779 1495 1810 219
1516 1786 1550 1810 v.
1570 1774 1655 1812 Chr.
1674 1774 1747 1810 Ko-

1001 1822 1117 1866 lonie,
1155 1821 1250 1866 liegt
1287 1833 1349 1857 am
1379 1822 1533 1858 rechten
1564 1821 1654 1871 Ufer
1685 1822 1754 1858 des

1001 1869 1193 1904 mittleren
1217 1869 1281 1905 Po

1049 1920 1082 1952 6
1108 1919 1194 1951 esset
1217 1915 1269 1950 im
1288 1915 1563 1952 konsekutiven
1581 1915 1754 1952 Relativ-

1004 1965 1098 2007 satz,
1143 1963 1203 1998 die
1241 1962 1540 1998 Besehaffenheit
1579 1962 1751 1998 bezeich-

1002 2011 1117 2054 nend3
1144 2010 1207 2046 bei
1231 2009 1318 2046 Tac.
1345 2010 1480 2046 selten:
1507 2014 1541 2054 1,
1563 2014 1605 2044 11
1630 2010 1674 2046 in
1696 2018 1754 2046 re«

1004 2058 1070 2093 bus
1094 2068 1186 2103 quas
1209 2068 1285 2093 ‘non
1309 2058 1490 2093 occuleret.
1537 2061 1592 2100 13,
1617 2061 1634 2091 1
1654 2067 1752 2103 spec-

1003 2108 1155 2140 taretur.

1050 2150 1117 2188 48.
1156 2156 1187 2187 1.
1219 2150 1290 2186 Ein
1315 2150 1427 2187 Silius
1451 2152 1594 2196 Nerva,
1626 2150 1747 2187 wahr-

1004 2198 1212 2234 scheinlich
1249 2198 1315 2233 der
1347 2199 1461 2234 Vater
1497 2198 1562 2233 des
1600 2198 1754 2244 obigen,

1006 2245 1056 2281 ist
1084 2245 1227 2281 Konsul
1256 2245 1309 2280 im
1333 2245 1365 2280 J.
1387 2249 1442 2281 28.
1493 2244 1670 2280 Vestinus
1701 2244 1758 2281 ist·

1005 2291 1200 2328 vielleicht
1218 2292 1277 2328 ein
1298 2291 1400 2328 Sohn
1420 2292 1485 2330 des
1504 2291 1755 2337 gleichnami·

1006 2351 1077 2383 gen
1102 2343 1194 2375 rom.
1220 2339 1362 2375 Ritters
1391 2350 1458 2374 aus
1483 2339 1645 2383 Vienna,
1679 2338 1752 2374 den

1005 2386 1138 2422 Kaiser
1169 2386 1347 2422 Claudius
1383 2386 1423 2421 in
1455 2386 1576 2422 seiner
1606 2385 1661 2421 als
1692 2385 1751 2420 In-

1006 2433 1138 2468 schrift
1175 2433 1392 2469 erhaltenen
1428 2433 1531 2469 Rede
1568 2431 1752 2468 rtihmend

1007 2480 1186 2516 erwahnt.

1055 2531 1087 2563 2.
1126 2530 1251 2572 coepta
1287 2527 1390 2562 kann
1419 2527 1526 2562 nicht
1554 2525 1752 2569 bedenten,

1009 2573 1090 2610 dass
1127 2574 1188 2609 die
1219 2574 1517 2619 Verschwerung
1554 2575 1629 2608 erst
1656 2572 1752 2618 J'etzt

1007 2622 1059 2656 im
1085 2620 1118 2656 J.
1140 2625 1184 2656 65
1211 2621 1398 2665 entstand,
1425 2620 1584 2656 sondern
1609 2619 1662 2655 sie
1687 2619 1750 2655 be-

1009 2667 1120 2703 stand
1144 2668 1282 2703 bereits
1309 2668 1417 2711 (nach
1443 2667 1511 2712 Kp.
1533 2670 1577 2702 50
1603 2667 1756 2702 ardente

1009 2716 1125 2759 domo)
1145 2714 1197 2750 im
1216 2715 1371 2760 vorigen
1390 2714 1513 2756 Jahre,
1538 2712 1616 2748 und
1635 2713 1751 2749 sehon

1012 2767 1073 2807 14,
1102 2765 1146 2797 65
1177 2762 1269 2797 wird
1301 2761 1368 2796 auf
1395 2761 1476 2796 ihre
1501 2760 1755 2806 Entstehuug,

1010 2809 1089 2845 also
1115 2820 1181 2844 aus
1207 2809 1349 2844 dem-J.
1375 2811 1436 2851 62,
1464 2807 1728 2853 hingewiesen.
