1768 3120
108 697 152 729 10

109 990 151 1022 15

107 1284 153 1317 20

176 105 233 150 66
613 105 842 143 CORNELII
866 105 1029 152 ¹1¹‚Acl'r1
1055 106 1315 142 ANNALIUM

178 230 275 258 rum
326 214 632 258 Germanicum
680 214 851 257 adeunt.
911 214 1019 257 duae
1062 214 1123 257 ibi
1165 215 1376 270 legiones,
1423 216 1565 271 prima
1613 218 1743 273 atque

178 275 432 330 vicensima,
482 273 758 328 veteranique
801 287 938 329 nuper
981 273 1104 315 missi
1148 274 1228 316 sub
1272 274 1430 317 vexillo
1479 275 1743 319 hiemabant.

177 333 356 388 pavidos
389 336 432 376 et
462 333 725 376 conscientia
755 332 985 375 vaecordes
1017 332 1154 375 intrat
1186 335 1338 388 metus,
1368 334 1538 376 venisse
1568 336 1742 389 patrum

177 393 297 435 iussu
342 393 415 448 qui
459 392 592 434 inrita
634 391 826 434 facerent
869 405 979 447 quae
1018 405 1095 446 per
1135 391 1390 434 seditionem
1430 396 1744 448 expresserant.

177 454 308 507 utque
358 465 451 494 mos
495 451 627 506 vulgo
673 449 869 505 quamvis
919 449 1042 492 falsis
1085 464 1206 491 reum
1249 451 1449 505 subdere,
1496 451 1742 494 Munatium

177 509 384 553 Plancum
426 510 652 552 consulatu
692 509 905 564 functum,
946 508 1187 564 principem
1229 509 1479 565 legationis,
1523 513 1744 554 auctorem

179 572 354 611 senatus
387 568 572 612 consulti
604 569 823 623 incusant3
854 570 898 609 et
921 569 1048 610 nocte
1074 567 1286 610 concubia
1311 568 1517 610 vexillum
1545 569 1588 611 in
1614 569 1746 613 domo

179 626 423 670 Germanici
465 627 596 669 situm
637 627 836 683 flagitare
878 627 1110 681 occipiunt,
1152 641 1444 682 concursuque
1483 627 1537 670 ad
1567 628 1743 671 ianuam

178 686 294 729 facto
344 686 583 729 moliuntur
631 686 767 741 fores,
817 687 1058 728 extractum
1108 685 1242 727 cubili
1294 684 1521 728 Caesarem
1570 687 1745 730 tradere

179 746 384 788 vexillum
422 745 588 787 intento
628 745 781 787 mortis
819 747 937 786 metu
978 744 1197 799 subigunt.
1258 759 1360 787 mox
1396 745 1498 800 vagi
1534 760 1612 800 per
1651 746 1747 789 vias

178 805 331 847 obvios
362 804 551 846 habuere
582 804 764 859 legatos,
796 803 943 845 audita
974 803 1325 846 consternatione
1357 803 1411 846 ad
1444 803 1745 847 Germanicum

176 863 414 906 tendentes.
445 863 651 919 ingerunt
669 862 965 913 contumelias,
985 861 1160 905 caedem
1179 865 1346 918 parant,
1366 863 1529 906 Planco
1548 864 1748 919 maxime,

179 936 306 977 quem
337 922 528 977 dignitas
559 921 666 977 fuga
695 921 998 977 impediverat3
1027 935 1166 976 neque
1198 922 1314 964 aliud
1345 922 1612 978 periclitanti
1645 922 1747 965 sub-

179 980 336 1023 sidium
375 995 503 1035 quam
540 983 684 1022 castra
721 980 887 1035 primae
927 979 1125 1035 legionis.
1185 980 1274 1023 illic
1312 981 1435 1037 signa
1472 984 1515 1023 et
1554 982 1745 1038 aquilam

178 1039 401 1095 amplexus
439 1039 649 1094 religione
687 1053 780 1081 sese
811 1038 1055 1093 tutabatur,
1093 1053 1142 1081 ac
1172 1039 1218 1080 ni
1250 1039 1449 1094 aquilifer
1480 1039 1746 1096 Calpurnius

176 1098 263 1140 vim
303 1101 539 1140 extremam
580 1098 804 1153 arcuisset,
843 1112 991 1139 rarum
1030 1097 1160 1140 etiam
1199 1098 1312 1140 inter
1352 1098 1517 1153 hostes,
1572 1100 1745 1156 legatus

177 1157 327 1213 populi
351 1157 537 1199 Romani
570 1156 777 1199 Romanis
809 1157 855 1198 in
885 1156 1039 1200 castris
1072 1157 1283 1213 sanguine
1315 1171 1392 1200 suo
1425 1158 1590 1200 altaria
1620 1158 1747 1201 deum

177 1216 591 1259 commaculavisset.
640 1216 735 1258 luce
761 1216 946 1270 demum,
970 1217 1200 1271 postquam
1227 1216 1312 1258 dux
1337 1219 1380 1258 et
1405 1217 1529 1260 miles
1556 1220 1601 1260 et
1624 1216 1741 1260 facta

177 1275 479 1329 noscebantur,
509 1275 730 1331 ingressus
763 1276 905 1317 castra
930 1273 1211 1317 Germanicus
1243 1274 1420 1330 perduci
1451 1275 1505 1318 ad
1538 1290 1583 1318 se
1614 1275 1743 1318 Plan-

179 1348 275 1376 cum
312 1334 497 1389 imperat
532 1334 778 1389 recepitque
815 1334 861 1375 in
897 1333 1102 1376 tribunal.
1163 1336 1258 1376 tum
1297 1333 1474 1378 fatalem
1515 1335 1747 1392 increpans

177 1393 359 1447 rabiem,
396 1407 534 1448 neque
573 1393 760 1434 militum
800 1392 874 1434 sed
911 1393 1038 1434 deum
1069 1392 1134 1434 ira
1163 1406 1406 1448 resurgere,
1444 1408 1518 1436 cur
1551 1394 1748 1437 venerint

179 1452 312 1508 legati
346 1452 503 1507 aperit3
536 1451 603 1493 ius
635 1451 865 1507 legationis
899 1454 1030 1507 atque
1060 1451 1195 1506 ipsius
1221 1451 1369 1495 Planci
1401 1465 1578 1507 gravem
1610 1455 1654 1495 et
1682 1453 1746 1496 in-

181 1511 381 1553 meritum
407 1525 567 1562 casum,
594 1510 720 1552 simul
745 1512 954 1566 quantum
979 1509 1197 1552 dedecoris
1223 1510 1379 1553 adierit
1401 1511 1532 1568 legio,
1562 1511 1746 1555 facunde

111 1578 155 1610 25
181 1569 432 1625 miseratur,
477 1569 746 1624 attonitaque
786 1569 926 1625 magis
971 1583 1101 1624 quam
1145 1569 1290 1625 quieta
1333 1571 1532 1614 contione
1575 1571 1745 1627 legatos

106 1686 166 1728 40

181 1628 400 1683 praesidio
433 1627 706 1670 auxiliarium
739 1628 932 1683 equitum
964 1627 1156 1670 dimittit.

300 1687 367 1729 Eo
409 1687 455 1729 in
494 1689 611 1729 metu
650 1700 828 1743 arguere
865 1686 1168 1729 Germanicum
1207 1701 1373 1743 omnes,
1414 1688 1528 1743 quod
1566 1702 1654 1731 non
1693 1688 1747 1731 ad

184 1746 448 1801 superiorem
473 1746 707 1788 exercitum
731 1748 943 1802 pergeret,
973 1746 1049 1788 ubi
1081 1745 1287 1801 obsequia
1318 1749 1361 1788 et
1391 1749 1540 1789 contra
1570 1747 1745 1790 rebellis

181 1805 406 1847 auxilium:
439 1805 544 1847 satis
577 1818 788 1861 superque
819 1805 1023 1847 missione
1056 1807 1099 1846 et
1127 1805 1308 1859 pecunia
1339 1807 1383 1847 et
1413 1806 1620 1849 mollibus
1646 1820 1746 1850 con-

181 1864 307 1906 sultis
338 1867 575 1919 peccatum.
635 1864 703 1906 vel
736 1863 772 1906 si
803 1863 902 1906 vilis
932 1864 1016 1918 ipsi
1048 1863 1185 1919 salus,
1222 1878 1297 1906 cur
1328 1864 1465 1907 filium
1502 1865 1744 1921 parvulum,

231 2017 263 2050 7.
291 2015 466 2050 Plancus.
512 2014 598 2050 Sein
628 2013 741 2050 Vater
768 2024 846 2050 war
870 2014 932 2050 ein
1003 2014 1265 2051 stantivierten
1295 2027 1423 2051 rarum
1453 2027 1524 2051 nur
1555 2015 1636 2052 hier
1667 2015 1746 2051 und

181 2060 375 2106 tfichtiger
398 2061 558 2097 Redner.

230 2111 263 2145 8.
304 2109 476 2144 vexillum
512 2108 565 2144 ist
601 2107 663 2143 die
699 2109 827 2145 Fahne
864 2109 929 2145 des

183 2155 406 2199 Feldherrn,
440 2155 500 2191 die
526 2155 579 2191 sie
605 2156 659 2191 als
686 2155 839 2202 Symbol
865 2156 929 2192 des

182 2201 424 2237 Oberbefehls
448 2202 661 2248 verlangen.

229 2263 261 2295 9.
281 2261 374 2295 situs
394 2262 437 2296 st.
453 2261 599 2306 positus
615 2261 743 2307 haufig
762 2261 823 2297 bei
842 2261 928 2298 Tac.

181 2306 216 2341 S.
244 2318 289 2341 zu
321 2310 360 2351 2,
388 2311 419 2343 7.
469 2309 627 2353 occipere
662 2308 724 2344 bei
760 2309 928 2353 Plautus,

179 2353 308 2389 Livius
352 2354 429 2389 und
472 2353 670 2399 spateren,
720 2356 827 2391 nicht
867 2356 927 2391 bei

181 2400 310 2436 Cicero
334 2401 411 2436 und
438 2401 562 2437 Casar.

230 2451 283 2483 11.
332 2448 495 2494 subigere
542 2448 581 2483 in
631 2449 771 2485 diesem
815 2450 927 2486 Sinne

179 2494 286 2530 nicht
310 2494 350 2530 in
380 2495 606 2531 klassiseher
628 2496 760 2541 Prosa,
788 2496 926 2542 jedoch

181 2542 241 2577 bei
269 2541 410 2578 Sallust
433 2542 510 2577 und
535 2553 633 2578 zwar
658 2553 688 2578 c.
713 2543 816 2579 infin.

234 2592 289 2625 12.
334 2590 577 2626 consternatio
620 2590 765 2627 kommt
808 2592 930 2627 zuerst

182 2636 245 2671 bei
270 2635 398 2672 Livius
423 2647 501 2672 vor.

233 2686 286 2718 14.
326 2684 429 2729 fuya.
474 2683 583 2719 Sonst
621 2683 722 2719 steht
755 2684 930 2729 impedire

182 2729 252 2765 mit
289 2730 353 2774 ab,
391 2730 472 2766 hier
506 2731 603 2767 nach
636 2729 823 2776 Analogie
856 2743 929 2767 von

175 2776 369 2857 ,prohibere
395 2778 522 2823 aliqua
545 2789 595 2823 re,
627 2777 700 2814 wie
727 2777 842 2814 sehon
868 2778 929 2813 bei

217 2834 334 2858 erenz.

232 2873 286 2905 17.
314 2869 383 2905 Die
402 2869 631 2907 Parenthese
650 2871 718 2907 mit
738 2871 823 2907 dem
842 2872 927 2908 sub-

1003 2072 1059 2107 cp.
1086 2065 1143 2098 56.
1171 2066 1204 2106 6,
1232 2066 1287 2098 10.
1321 2066 1377 2108 13,
1403 2065 1441 2107 2,
1474 2063 1582 2099 nicht
1613 2063 1650 2098 in
1675 2063 1749 2099 den

1002 2108 1176 2144 friiheren
1196 2108 1382 2146 Schriften
1407 2110 1472 2145 des
1492 2109 1645 2146 Tacitus
1670 2109 1748 2146 und

1000 2155 1063 2192 bei
1094 2155 1244 2192 keinem
1275 2156 1437 2192 anderen
1463 2155 1745 2193 Schriftsteller.

1051 2206 1107 2239 18.
1144 2203 1306 2239 Romani
1341 2202 1540 2248 Romanis,
1580 2203 1641 2240 ein
1676 2203 1746 2249 Pq·

1000 2249 1192 2295 lyptoton,
1230 2250 1300 2285 wie
1336 2250 1427 2295 Agr.
1454 2254 1498 2287 18
1536 2250 1746 2287 dissimula-

999 2298 1096 2332 tione
1125 2297 1246 2341 famae
1274 2298 1413 2341 famam
1437 2298 1555 2333 auxit.
1597 2297 1685 2334 hist.
1710 2301 1746 2342 4,

1001 2348 1047 2379 64
1070 2344 1166 2389 quod
1190 2345 1336 2380 tandem
1361 2345 1467 2380 liberi
1490 2345 1586 2381 inter
1616 2345 1748 2382 libem

1000 2392 1111 2426 eritis.

1047 2441 1103 2473 23.
1136 2438 1196 2473 ius
1226 2438 1418 2483 legationis
1449 2438 1526 2474 scil.
1551 2438 1748 2484 violatum,

1000 2484 1082 2520 eine
1124 2485 1332 2529 pragnante
1375 2485 1657 2523 Konstruktion.
1709 2485 1746 2521 S.

998 2531 1096 2566 Einl.
1117 2534 1147 2574 ξ.
1170 2535 1248 2566 121.

1047 2581 1103 2614 24.
1140 2579 1291 2614 dedecus
1324 2579 1429 2615 adire
1463 2580 1576 2625 (statt
1609 2578 1746 2616 admit·

998 2626 1091 2670 tere)
1121 2624 1171 2660 ist
1202 2636 1291 2670 neu,
1323 2627 1421 2661 nach
1450 2626 1639 2673 Analogia
1669 2636 1745 2663 von

1000 2672 1104 2708 adire
1122 2672 1343 2718 periculum,
1368 2673 1518 2709 labores.

1047 2729 1111 2766 40.
1137 2734 1170 2767 2.
1202 2730 1276 2766 Der
1300 2730 1428 2766 Plural
1453 2731 1624 2784 obsequia
1648 2731 1746 2768 auch

999 2781 1039 2822 2,
1066 2780 1122 2813 55.
1148 2781 1181 2821 3,
1208 2781 1252 2813 65
1284 2777 1361 2813 und
1391 2778 1507 2814 echon
1537 2789 1578 2814 111
1611 2778 1768 2819 Massi-,2

1001 2825 1108 2860 scher
1139 2823 1232 2860 Zeit.
1264 2844 1308 2850 —
1340 2825 1482 2861 rebellis
1516 2825 1616 2861 nach
1641 2823 1768 2880 Virg}

999 2873 1042 2907 A.
1070 2876 1101 2916 6,
1123 2874 1202 2907 858.
1229 2871 1327 2908 Curt.
1349 2875 1381 2917 8,
1403 2875 1434 2917 1,
1455 2875 1511 2908 35.
1760 2915 1768 2943 i

1746 2958 1768 3120 1
