1806 3094
590 85 798 128 LIBERII.
843 90 947 128 cAP.
967 95 1119 128 42-43,
1549 92 1630 135 121

75 201 252 258 regibus
301 199 513 242 defunctis
549 199 837 242 turbabantur
872 200 1089 254 nationes,
1124 199 1342 255 plerisque
1378 198 1634 255 Romanum,

78 260 175 302 aliis
216 259 382 315 regium
412 259 639 315 imperium
671 259 962 314 cupientibus3
996 261 1039 300 et
1068 259 1316 314 provinciae
1349 257 1475 301 Suria
1505 261 1634 314 atque

78 318 249 375 Iudaea,
278 318 418 360 fessae
450 318 664 373 oneribus,
695 318 1032 360 deminutionem
1063 317 1216 360 tributi
1249 318 1445 361 orabant.

191 352 331 433 Ig'itur
372 377 478 420 haec
510 380 554 419 et
591 377 641 419 de
677 376 885 419 Armenia
923 391 1031 433 quae
1076 392 1206 432 supra
1242 377 1476 420 memoravi
1519 377 1632 433 apud
1645 378 1703 420 43

74 438 220 492 patres
262 436 482 487 disseruit
522 451 600 479 nec
643 450 770 491 posse
809 438 974 479 motum
1013 437 1221 478 orientem
1261 436 1347 478 nisi
1384 436 1629 479 Germanici

11 512 17 524 2
75 496 286 551 sapientia
317 496 520 551 conponi3
549 510 651 538 nam
683 510 805 538 suam
837 498 1023 538 aetatem
1054 510 1250 562 vergere,
1280 495 1412 538 Drusi
1441 496 1631 538 nondum

75 555 180 597 satis
227 555 475 597 adolevisse.
546 558 650 597 tunc
686 554 856 597 decreto
896 557 1071 611 patrum
1107 555 1341 610 permissae
1374 554 1630 598 Germanico

76 614 321 668 provinciae
354 629 462 670 quae
499 615 607 656 mari
639 614 899 669 dividuntur,
928 615 1153 669 maiusque
1184 614 1424 670 imperium,
1457 629 1629 671 quoquo

76 673 254 724 adisset,
296 688 425 729 quam
465 673 518 716 iis
563 674 636 729 qui
680 677 794 716 sorte
835 676 910 716 aut
951 674 1084 716 missu
1124 673 1331 729 principis
1375 674 1631 717 obtinerent.

77 732 152 775 sed
182 732 377 774 Tiberius
409 733 658 775 demoverat
689 731 815 775 Suria
840 732 1055 776 Creticum
1089 731 1295 789 Silanum,
1326 748 1403 789 per
1435 733 1632 775 adfinita-

70 794 160 834 tem
193 806 401 834 conexum
432 791 700 846 Germanico,
731 793 831 847 quia
857 791 994 835 Silani
1025 792 1116 834 filia
1146 791 1310 835 Neroni
1334 793 1631 835 vetustissimo

70 851 304 893 liberorum
329 851 419 893 eius
444 854 575 907 pacta
600 855 704 907 erat,
734 851 1087 907 praefeceratque
1113 850 1187 894 Cn.
1220 851 1433 908 Pisonem,
1458 852 1631 908 ingenio

68 909 304 952 violentum
338 913 381 952 et
426 911 622 967 obsequii
651 911 868 967 ignarum,
898 911 1030 953 insita
1060 910 1221 953 ferocia
1252 926 1278 953 a
1308 914 1431 966 patre
1462 911 1633 966 Pisone,

68 969 140 1025 qui
165 969 282 1011 civili
306 970 419 1012 bello
446 973 718 1026 resurgentes
744 971 789 1012 in
810 970 959 1012 Africa
982 973 1128 1025 partes
1153 970 1361 1013 acerrimo
1387 970 1628 1014 ministerio

67 1028 270 1071 adversus
307 1028 537 1072 Caesarem
586 1030 711 1084 iuvit,
764 1044 864 1072 mox
903 1029 1086 1071 Brutum
1128 1031 1170 1071 et
1207 1027 1403 1072 Cassium
1448 1032 1630 1085 secutus,

69 1102 270 1131 concesso
295 1088 435 1130 reditu
461 1089 670 1143 petitione
702 1089 915 1132 honorum
947 1088 1169 1143 abstinuit,
1195 1089 1328 1132 donec
1352 1090 1467 1132 ultro
1495 1090 1630 1132 ambi-

67 1149 186 1189 retur
222 1147 411 1189 delatum
450 1148 503 1190 ab
535 1148 735 1204 Augusto
773 1148 1040 1190 consulatum
1079 1149 1282 1203 accipere.
1354 1149 1427 1191 sed
1458 1151 1628 1204 praeter

68 1210 273 1261 paternos
306 1207 482 1262 spiritus
513 1208 658 1249 uxoris
691 1221 858 1262 quoque
888 1206 1120 1249 Plancinae
1150 1207 1378 1250 nobilitate
1404 1210 1447 1250 et
1472 1208 1626 1263 opibus

69 1265 393 1320 accendebatur3
424 1266 495 1308 vix
526 1265 697 1309 Tiberio
742 1266 991 1321 concedere,
1022 1267 1182 1308 liberos
1220 1267 1311 1309 eius
1351 1270 1400 1309 ut
1442 1268 1626 1310 multum

67 1324 181 1367 infra
211 1325 470 1379 despectare.
525 1340 603 1367 nec
629 1325 806 1367 dubium
830 1326 1023 1367 habebat
1055 1340 1100 1367 se
1126 1325 1348 1380 delectum,
1376 1327 1449 1382 qui
1475 1326 1626 1369 Suriae

70 1384 348 1438 inponeretur
380 1384 433 1426 ad
466 1399 563 1439 spes
596 1382 841 1427 Germanici
872 1385 1140 1427 coercendas.
1202 1385 1416 1428 credidere
1449 1385 1625 1441 quidam

67 1442 169 1485 data
200 1445 243 1485 et
274 1457 299 1484 a
328 1443 502 1486 Tiberio
535 1444 703 1486 occulta
734 1444 955 1500 mandata3
993 1446 1036 1486 et
1066 1443 1318 1487 Plancinam
1349 1445 1465 1487 haud
1497 1445 1624 1487 dubie

70 1502 271 1558 Augusta
302 1503 472 1545 monuit
503 1503 792 1546 aemulatione
824 1503 1024 1545 muliebri
1061 1503 1352 1560 Agrippinam
1392 1504 1631 1547 insectandi

73 1642 156 1677 dem
188 1640 519 1688 Amanusgebirge.
580 1642 711 1678 Dieser
743 1645 814 1678 An-

68 1689 216 1725 tiochus
252 1689 304 1725 ist
335 1690 419 1725 dort
449 1690 514 1725 der
545 1690 659 1726 dritte
693 1690 813 1726 seines

69 1735 250 1780 Namens3
284 1736 344 1772 ein
373 1737 512 1773 vierter
542 1736 636 1772 wird
669 1738 709 1772 in
742 1737 814 1774 den

69 1783 209 1820 letzten
241 1785 412 1820 Bfichem
444 1785 510 1820 der
534 1784 703 1820 Annalen
737 1785 814 1820 und

64 1830 104 1866 in
124 1831 195 1867 den
214 1831 403 1867 Historien
423 1832 600 1867 erw‘ahnt.
623 1853 667 1858 —
687 1833 813 1868 Philo-

67 1878 178 1923 pator
201 1879 307 1914 hatte
334 1891 402 1914 nur
428 1878 537 1914 einen
562 1879 712 1914 kleinen
731 1879 813 1915 Teil

66 1935 140 1962 von
171 1924 338 1960 Cicilien.
372 1946 417 1951 —
448 1916 547 1961 Uber
578 1926 649 1961 den
683 1926 811 1962 Plural

67 1972 212 2019 regibus
236 1973 418 2016 defwnctis
443 1985 472 2007 s.
487 1985 542 2008 -zu
567 1977 600 2017 3,
628 1977 686 2018 62,
711 1978 744 2009 2.

119 2034 175 2066 22.
227 2030 358 2077 Syrien
383 2043 460 2066 war
493 2031 565 2067 seit
597 2036 640 2067 63
665 2045 699 2069 v.
727 2032 811 2068 Chr.

68 2077 242 2123 Proviuz,
269 2078 389 2114 Judaa
420 2079 593 2124 ganzlich
618 2091 692 2115 von
716 2080 811 2115 Rom

70 2125 273 2171 abhangig.

112 2183 175 2220 43.
203 2189 234 2220 1.
283 2196 409 2230 supra,
436 2195 491 2231 cp.
519 2189 551 2220 3.

114 2241 146 2273 3.
195 2249 346 2283 veryere,
373 2238 432 2273 bei
452 2237 666 2273 Klassikern
686 2249 756 2273 nur
772 2238 811 2274 in

65 2284 309 2321 raumlichem
340 2285 469 2330 Sinne,
494 2284 715 2321 bezeichnet
749 2285 811 2321 bei

66 2330 247 2378 spateren
290 2332 388 2368 &fter
422 2333 482 2369 die
517 2333 711 2368 Abnahme
746 2333 810 2368 der

66 2379 165 2415 Zeit:
199 2383 239 2424 4,
267 2383 288 2415 8
318 2384 516 2425 vergentem
541 2383 702 2416 aetatem.
753 2383 809 2424 12,

0 2448 2 2452 ,
66 2430 112 2461 44
137 2428 364 2472 vergentibus
383 2428 458 2462 iam
484 2429 595 2463 armis
618 2429 706 2463 suis.
754 2431 809 2470 13,

67 2476 111 2509 38
136 2477 298 2521 veryente
322 2476 398 2510 iam
422 2476 490 2510 dic.
535 2474 636 2511 Curt.
657 2479 690 2518 4,
712 2479 743 2519 7,
763 2479 808 2510 22

0 2543 1 2547 =
65 2531 141 2559 noa·
165 2523 278 2567 verqit
297 2523 347 2557 ad
366 2523 487 2558 lucem.
534 2522 617 2558 Sen.
640 2523 746 2558 clem.
777 2526 808 2566 1,

68 2571 175 2614 11,1
209 2569 251 2604 in
280 2573 492 2605 senectutem
523 2571 634 2606 annis
664 2581 808 2616 veryen-

0 2615 176 2670 [tibus.

115 2671 146 2703 6.
189 2671 293 2713 sorte,
319 2669 483 2705 namlich
498 2669 557 2705 die
576 2669 811 2706 Prokonsuln

0 2730 10 2736 ‘
65 2713 104 2750 in
141 2714 213 2751 den
245 2715 591 2762 Senatsprovinzen.
649 2717 733 2763 Vgl.
768 2730 812 2753 zu

70 2764 102 2806 1,
129 2765 184 2799 74.

116 2824 148 2856 8.
198 2821 351 2857 Silanus
383 2834 461 2858 war
491 2822 562 2858 seit
594 2826 637 2858 11
662 2834 699 2859 n.
726 2822 810 2859 Chr.

69 2866 293 2904 Statthalter
310 2880 384 2905 von
403 2869 544 2915 Syrien.
559 2891 602 2897 -
616 2871 707 2915 filia.
752 2870 810 2906 In-

887 1643 966 1678 ders
991 1644 1093 1678 ward
1113 1644 1214 1679 Nero
1242 1644 1293 1679 im
1313 1645 1346 1680 J.
1366 1648 1412 1680 20
1431 1644 1502 1679 mit
1519 1644 1630 1690 Julia,

885 1691 1048 1727 Tochter
1073 1691 1137 1727 des
1163 1691 1314 1736 Drusus,
1340 1692 1536 1727 vermahlt.

934 1742 990 1774 11.
1038 1743 1274 1784 resuryentes,
1299 1740 1351 1774 im
1376 1739 1491 1775 Jahre
1516 1743 1574 1775 4⁷.

934 1789 988 1822 13.
1049 1787 1186 1822 ambire
1229 1788 1321 1822 statt
1361 1798 1491 1832 royare
1534 1787 1630 1823 auch

883 1833 970 1868 hist.
992 1837 1025 1876 3,
1045 1837 1090 1868 30
1110 1845 1134 1869 a
1154 1833 1310 1870 Caecina
1336 1835 1503 1871 ambitus.
1553 1833 1626 1870 Cic.

884 1891 919 1925 p.
946 1879 1072 1915 Planc.
1098 1884 1131 1924 4,
1158 1884 1179 1916 9
1205 1893 1229 1916 a
1253 1882 1384 1927 quibus
1403 1885 1453 1917 est
1470 1883 1627 1918 maxime

882 1928 1049 1962 ambitus.
1118 1926 1225 1963 Auch
1267 1929 1328 1964 bei
1364 1930 1504 1964 Terenz
1550 1929 1628 1964 und

884 1973 1034 2011 Sallust.

932 2025 976 2056 14
1036 2022 1277 2067 consulatum,
1300 2022 1351 2057 im
1376 2022 1489 2057 Jahre
1514 2026 1571 2058 23.

933 2072 988 2104 15.
1012 2068 1208 2105 Plancinae
1226 2070 1352 2113 Vater,
1372 2069 1412 2105 L.
1432 2069 1625 2106 Munatius

882 2115 1052 2159 Plancus,
1073 2115 1129 2151 als
1147 2117 1295 2152 Redner
1321 2116 1496 2161 bekannt,
1517 2118 1624 2153 hatte

882 2162 974 2198 fiber
1005 2164 1064 2199 die
1094 2163 1225 2199 Ratier
1263 2164 1512 2210 triumphiert.
1566 2166 1629 2201 Ibr

882 2209 1026 2294 Bnssder
1043 2210 1135 2246 wird
1163 2215 1194 2257 1,
1215 2216 1260 2247 39
1286 2212 1342 2247 als
1361 2212 1548 2248 Konsular
1572 2223 1628 2248 er-

882 2268 940 2292 wa
966 2259 1009 2294 nt

931 2309 986 2341 17.
1011 2306 1116 2350 infra
1134 2306 1190 2342 als
1200 2305 1372 2342 Adverb
1363 2319 1402 2342 in
1418 2307 1628 2353 tropischer

881 2351 1116 2397 Bedeutung3
1150 2364 1190 2389 so
1220 2365 1290 2389 nur
1319 2354 1419 2390 noch
1449 2354 1510 2390 bei
1542 2355 1627 2408 dem

881 2399 1023 2435 ’alteren
1051 2400 1202 2436 Plinius.
1235 2422 1280 2427 —
1312 2402 1531 2456 despectare,
1558 2401 1626 2437 wie

880 2445 966 2484 hist.
987 2451 1021 2490 2,
1041 2451 1086 2483 30
1110 2459 1156 2484 ne
1179 2452 1222 2484 at
1247 2449 1335 2484 victi
1360 2453 1392 2484 et
1416 2449 1545 2494 iqnavi
1569 2450 1627 2484 de-

880 2498 1144 2539 spectarentur,
1171 2497 1274 2531 sonst
1293 2495 1518 2531 dichterisch
1543 2496 1621 2530 und

879 2541 1175 2579 nachklassisch.
1236 2543 1368 2578 Solche
1398 2543 1622 2587 Frequenta-

879 2588 960 2623 tiva
989 2587 1074 2623 sind
1103 2589 1166 2625 bei
1197 2589 1365 2625 Tacitus:
1409 2594 1624 2634 convectare,

883 2636 1099 2679 subvectare,
1122 2641 1316 2681 receptare,
1342 2648 1539 2681 recursare,
1564 2649 1625 2673 su-

882 2686 1053 2728 spectare,
1078 2684 1302 2728 appellitare,
1329 2684 1559 2729 redemptare.

931 2733 987 2766 20.
1031 2741 1171 2766 monere
1189 2730 1260 2766 mit
1278 2731 1363 2766 dem
1383 2730 1539 2767 Genetiv
1558 2732 1623 2768 des

883 2775 1132 2812 Gerundiums
1150 2788 1220 2813 nur
1244 2778 1341 2814 noch
1361 2777 1424 2814 bei
1442 2779 1567 2815 Donat
1584 2780 1623 2815 in

884 2824 950 2860 der
968 2823 1129 2860 Vorrede
1158 2836 1202 2860 zu
1228 2825 1310 2862 Ter.
1330 2825 1399 2860 Ad.
1419 2827 1627 2863 admonitus

884 2871 1053 2908 abeundi.
1102 2870 1188 2917 Vgl.
1213 2884 1256 2907 zu
1285 2878 1315 2917 1,
1342 2876 1397 2910 67.

1661 921 1704 953 10

1655 1216 1698 1248 15

1656 1512 1701 1544 20
