1760 3120
130 133 190 176 30
604 133 674 169 AN
675 132 829 169 HANG:
856 132 952 170 ΖΠΗ,
976 133 1220 175 STlLISTIK.

256 241 303 298 6)
336 241 674 297 Pr‘aposition
705 241 791 284 und
822 241 1052 297 Partizip
1084 243 1186 285 oder
1217 242 1443 298 Adjektiv:
1474 243 1556 285 his.
1578 244 1615 296 1,
1637 243 1694 286 14

138 316 189 343 ex
216 300 517 343 aestimatione
542 303 659 343 recta
686 315 870 355 severuS,
902 301 1086 343 deterius
1112 302 1501 356 interpretantibus
1527 302 1698 345 tristior

136 360 390 403 habebatur.
445 374 543 401 ann.
577 361 620 412 1,
659 360 716 402 64
759 359 813 401 ad
857 359 1039 415 gradum
1083 360 1318 414 instabilis,
1361 361 1696 415 procedentibus

132 419 336 461 lubricus.
391 418 493 461 hist.
523 418 569 474 2,
602 419 659 461 30
690 419 735 460 in
767 433 888 460 suam
921 419 1240 461 excusationem
1271 421 1314 461 et
1345 443 1400 450 —
1433 420 1692 462 attollentes.

134 493 229 521 ann.
258 478 331 533 14,
358 477 425 520 15.

253 534 299 592 7)
332 536 398 578 die
424 535 701 590 Personen,
733 535 983 589 Tempora
1013 535 1100 577 und
1133 534 1332 578 Genera
1362 536 1436 578 des
1457 535 1693 578 Verbums:

133 595 232 638 hist.
268 597 311 651 1,
346 595 400 637 15
442 594 544 649 quia
584 594 782 636 miseriae
825 595 1083 646 tolerantur,
1127 594 1334 637 felicitate
1379 595 1694 650 corrumpimur

135 652 279 710 (statt:
314 654 509 696 miserias
540 652 808 709 toleramus.)
849 654 886 708 1,
915 653 968 695 15
1000 653 1236 695 adsciscere
1263 678 1319 684 -
1346 653 1563 696 adiecisse.
1597 668 1693 697 ann.

135 714 209 764 14,
241 713 267 755 9
299 712 556 754 tradiderint
590 735 641 742 —-
677 713 879 753 abnuant.
942 712 986 765 6,
1017 712 1076 754 44
1108 727 1192 768 quo
1232 713 1460 768 ambiguos
1498 713 1696 767 illiceret,

129 771 633 872 Eiffisstiufifnffiz‘ffiffi}
655 771 803 871 sffssss?
821 770 1180 871 sseidtrgsffffl
1207 774 1354 872 {Hs
1363 771 1613 827 permittere
1636 795 1686 801 “

249 845 412 944 8)qda⁷s
450 887 637 930 Partic.
668 902 830 943 praeS.
860 888 948 930 und
986 888 1067 930 den
1106 888 1277 931 Ablat.
1317 888 1557 945 gerundii
1603 890 1693 930 erst

129 948 174 989 in
207 948 289 989 den
313 947 527 989 Annalen:
561 948 602 1002 2,
627 948 681 989 81
710 947 839 988 modo
873 950 1008 988 semet
1040 947 1301 1002 afflictando,
1331 947 1459 990 modo
1493 947 1694 1002 singulos

129 1007 304 1048 nomine
347 1006 472 1047 ciens.
537 1005 609 1060 13,
640 1006 696 1047 47
740 1005 919 1046 trahens
952 1030 1007 1035 —-
1039 1006 1380 1060 interpretando.
1443 1006 1518 1060 15,
1549 1006 1605 1049 38
1645 1006 1692 1047 in

129 1066 245 1107 edita
277 1078 510 1120 assurgens
542 1067 585 1105 et
614 1078 766 1106 rursus
798 1063 1002 1106 inferiora
1032 1064 1296 1119 populando.
1347 1063 1464 1107 Curt.
1490 1066 1538 1120 4,
1563 1066 1609 1116 4,
1633 1065 1695 1108 20

132 1126 427 1167 commeantes
458 1147 517 1153 —
548 1123 755 1165 adeundo.

249 1180 297 1239 9)
342 1182 423 1224 den
460 1181 789 1236 Konjunktiv
826 1181 913 1223 und
952 1181 1034 1223 den
1070 1181 1223 1236 Infin.
1255 1181 1546 1237 gerundivi:
1589 1181 1691 1224 hist.

132 1243 169 1296 1,
195 1242 251 1284 39
285 1256 382 1283 cum
415 1241 489 1283 alii
518 1241 565 1282 in
596 1240 813 1282 Palatium
844 1240 1050 1295 redirent,
1082 1241 1157 1282 alii
1189 1239 1455 1295 Capitolium
1486 1242 1693 1296 peterent,

128 1301 323 1356 plerique
355 1302 498 1342 rostra
528 1300 777 1354 occupanda
808 1303 1041 1342 censerent.
1097 1298 1217 1355 Virg.
1242 1298 1350 1342 Aen.
1377 1300 1417 1354 3,
1443 1300 1541 1342 234.

252 1358 324 1414 10)
352 1359 430 1400 den
454 1358 580 1399 Infin.
606 1373 768 1413 praes.
794 1358 993 1412 passivi
1024 1358 1111 1400 und
1138 1359 1220 1399 den
1244 1358 1371 1401 Infin.
1397 1357 1693 1414 gerundivi:

131 1418 234 1461 hist.
259 1418 299 1472 9,
327 1418 383 1460 10
414 1417 508 1459 dari
536 1441 586 1447 —
616 1417 684 1458 edi
709 1441 764 1448 -—
792 1417 1060 1459 audiendum.
1109 1416 1201 1460 Liv.
1227 1417 1296 1471 26,
1322 1418 1391 1459 32.
1423 1417 1494 1472 27,
1517 1416 1559 1459 5.

251 1474 326 1533 11)
358 1477 434 1518 das
468 1475 814 1529 Gerundivum
853 1475 939 1517 und
970 1479 1018 1517 ut
1048 1475 1150 1517 oder
1180 1489 1260 1517 neu
1291 1479 1380 1517 erst
1409 1475 1456 1516 in
1488 1475 1570 1517 den
1600 1474 1692 1517 An-

129 1535 276 1578 nalen:
324 1537 368 1590 1,
404 1535 467 1577 14.
512 1536 559 1589 2,
591 1535 660 1578 36.
703 1535 748 1586 3,
782 1535 835 1577 17
879 1549 1038 1576 nomen
1073 1534 1244 1576 Pisonis
1288 1534 1523 1576 radendum
1562 1534 1692 1576 fastis

130 1594 307 1649 censuit,
336 1596 503 1649 partem
530 1594 743 1636 bonorum
768 1593 1085 1648 publicandam,
1110 1608 1211 1648 pars
1231 1595 1280 1635 ut
1302 1617 1350 1622 —
1376 1593 1692 1636 concederetur.

132 1654 188 1696 63
221 1653 474 1695 sacrandam
506 1652 561 1694 ad
592 1651 845 1694 memoriam
876 1667 959 1694 neu
980 1676 1035 1683 —
1057 1652 1371 1694 delaberentur.
1400 1652 1442 1707 4,
1468 1652 1494 1693 9
1522 1652 1573 1694 de
1598 1651 1691 1694 red-

130 1712 270 1755 denda
298 1711 521 1767 republica
551 1714 682 1766 utque
715 1711 913 1753 consules
939 1735 995 1741 -
1023 1711 1217 1766 regimen
1250 1711 1528 1766 susciperent.
1573 1710 1614 1762 4,
1633 1710 1691 1753 20

129 1773 297 1826 partem
337 1771 552 1812 bonorum
593 1769 917 1826 publicandam,
957 1785 1059 1824 pars
1096 1772 1146 1811 ut
1181 1770 1330 1812 liberis
1374 1770 1694 1824 relinqueretur

129 1832 368 1872 censuerat.
431 1828 487 1871 So
523 1827 635 1871 nach
671 1830 910 1871 renuntiare
945 1828 1016 1870 bei
1046 1828 1139 1872 Liv.
1170 1828 1246 1880 36,
1277 1828 1347 1884 37,
1386 1828 1499 1870 nach
1534 1828 1693 1871 mittere

193 1922 204 1944 '
251 1944 324 2003 12)
363 1947 432 1988 ein
469 1945 664 1988 Nomen
701 1946 788 1988 und
827 1945 951 1988 einen
989 1945 1145 1988 darauf
1176 1945 1411 2001 folgenden
1442 1944 1690 1988 Nebensatz

133 2005 286 2063 (quod,
324 2006 444 2060 quia,
484 2007 553 2060 ut,
588 2020 643 2048 ne
675 2005 762 2047 und
793 2004 1006 2046 indirekte
1036 2002 1215 2061 Frage):
1248 2004 1392 2047 Germ.
1423 2004 1493 2047 43.
1525 2018 1622 2046 ann.
1647 2004 1690 2058 2,

131 2066 199 2107 63.
230 2065 271 2119 4,
298 2065 352 2107 18
381 2063 573 2106 amicitia
599 2063 846 2106 Germanici
869 2063 1112 2118 perniciosa
1142 2063 1327 2119 utrique,
1359 2061 1466 2105 Silio
1499 2065 1542 2104 et
1575 2063 1690 2118 quod

132 2148 188 2155 -—
214 2123 553 2178 dispergebatur.
611 2123 656 2178 4,
682 2123 740 2165 24
777 2126 940 2164 terrore
976 2121 1167 2165 nominis
1198 2121 1386 2164 Romani
1424 2124 1467 2163 et
1498 2122 1600 2176 quia
1631 2145 1689 2152 ——-

129 2185 360 2236 nequeunt.
412 2183 450 2236 1,
478 2181 533 2224 15
569 2183 713 2236 utque.
762 2182 811 2235 4,
836 2181 905 2223 38.
939 2181 1012 2233 13,
1037 2181 1096 2223 44
1132 2180 1383 2235 ingentibus
1415 2179 1541 2222 donis
1573 2179 1690 2222 adul-

130 2242 286 2283 terium
312 2243 356 2282 et
380 2255 491 2291 mox,
516 2242 566 2281 ut
591 2240 813 2282 omitteret
837 2239 1052 2292 maritum,
1083 2241 1336 2281 emereatur.
1371 2240 1408 2292 1,
1433 2238 1487 2280 57
1514 2238 1688 2281 firmato

129 2300 253 2342 vultu
277 2298 379 2341 Piso
406 2298 609 2341 adversus
635 2301 811 2349 metum,
844 2297 1137 2351 Germanicus,
1167 2312 1222 2339 ne
1247 2296 1405 2339 minari
1431 2297 1687 2340 crederetur.

129 2359 176 2414 4,
202 2359 256 2400 31
292 2371 474 2413 gnarum
507 2358 732 2399 meliorum
764 2360 808 2399 et
839 2371 946 2412 quae
976 2357 1092 2399 fama
1123 2356 1396 2398 clementiam
1428 2358 1687 2410 sequeretur.

131 2418 171 2471 3,
196 2418 254 2459 44
286 2416 512 2458 altitudine
545 2416 679 2458 animi
711 2430 765 2457 an
798 2418 1066 2470 compererat
1096 2415 1264 2457 modica
1295 2429 1399 2457 esse.
1448 2415 1489 2468 4,
1516 2415 1541 2457 8
1567 2415 1686 2457 nullo

131 2480 250 2518 metu
290 2490 345 2517 an
387 2478 437 2517 ut
476 2475 784 2517 firmitudinem
826 2474 959 2516 animi
1000 2476 1248 2517 ostentaret.
1311 2474 1384 2524 14,
1411 2474 1479 2516 12.
1513 2473 1585 2527 15,
1616 2474 1687 2516 28.

132 2534 240 2577 Sehr
271 2534 410 2577 selten
441 2534 488 2575 in
518 2534 820 2589 umgekehrter
845 2532 995 2588 Fulge:
1027 2547 1123 2574 ann.
1151 2533 1188 2586 1,
1214 2531 1271 2574 35
1296 2533 1538 2574 mederetur
1561 2532 1686 2574 fessis

130 2608 214 2635 neu
258 2595 443 2635 mortem
481 2617 537 2623 —
575 2593 759 2635 orabant
802 2591 925 2648 (aber
966 2589 1197 2645 unsicher).
1259 2590 1315 2632 52
1360 2591 1433 2632 sed
1478 2591 1591 2646 quod
1627 2615 1687 2620 —

132 2652 427 2707 quaesivisset,
459 2651 616 2694 bellica
648 2665 817 2706 quoque
849 2649 1096 2693 Germanici
1127 2649 1277 2704 gloria,
1310 2649 1559 2705 augebatur.

253 2709 327 2766 13)
360 2710 428 2752 ein
460 2710 711 2765 Adjektiv
744 2710 846 2752 oder
869 2708 1099 2762 Partizip
1131 2708 1217 2749 und
1249 2707 1374 2750 einen
1398 2707 1683 2750 Finalsatz:

130 2768 233 2811 hist.
259 2769 304 2823 3,
330 2769 368 2810 3.
393 2769 450 2810 46
483 2783 642 2824 gnarus
675 2784 724 2811 ac
755 2783 821 2811 ne.
866 2782 961 2810 ann.
987 2768 1032 2819 2,
1058 2768 1115 2809 62
1145 2766 1326 2809 illiciens
1358 2765 1595 2808 Germanos
1630 2789 1681 2796 —-

132 2831 264 2883 utque
297 2851 352 2857 ——
384 2827 668 2870 insisteretur.
720 2828 786 2881 13,
812 2827 881 2869 39.

253 2885 325 2942 14)
358 2885 715 2941 Bedingungs-
746 2885 832 2928 und
859 2885 1122 2927 Finalsatz
1154 2883 1256 2926 oder
1280 2882 1686 2938 Temporalsatz:
