1794 3126
602 74 750 111 LIBER
772 73 869 112 XVI.
908 73 1190 110 CAP.15—18.

1582 71 1668 114 229

105 198 242 253 nuper
291 184 469 226 crimine
518 183 828 227 coniurationis
870 182 918 224 in
963 180 1209 224 Sardiniam
1252 183 1445 236 exactus,
1494 184 1668 237 accepto
1694 191 1714 223 5

104 244 246 286 iussae
277 243 428 286 mortis
458 243 612 286 nuntio
644 244 780 285 semet
808 241 1037 284 interfecit.
1098 239 1230 295 Mela,
1267 241 1422 296 quibus
1454 239 1595 283 Gallio
1626 243 1671 283 et

105 302 266 346 Seneca
307 303 560 358 parentibus
602 305 749 356 natus,
791 300 1001 356 petitione
1038 299 1250 342 honorum
1288 299 1563 342 abstinuerat
1595 314 1671 354 per

104 362 387 404 ambitionem
416 364 753 418 praeposteram,
784 362 833 402 ut
864 373 992 415 eques
1017 358 1240 401 Romanus
1270 359 1568 401 consularibus
1593 373 1669 414 po-

103 421 242 464 tentia
272 423 542 477 aequaretur,
575 420 703 463 simul
734 419 1021 475 adquirendae
1046 418 1252 473 pecuniae
1277 418 1448 461 brevius
1474 418 1558 461 iter
1582 432 1670 460 cre-

104 481 237 523 debat
260 495 338 536 per
360 480 685 536 procurationes
712 478 1064 521 administrandis
1089 478 1296 533 principis
1316 477 1516 534 negotiis.
1555 476 1670 520 idem
1697 487 1740 519 10

103 540 337 582 Annaeum
363 539 583 582 Lucanum
616 540 837 595 genuerat,
868 538 1031 594 grande
1063 537 1356 579 adiumentum
1387 536 1669 580 claritudinis.

105 614 191 655 quo
221 598 447 642 interfecto
480 598 581 641 dum
611 613 704 641 rem
734 597 993 640 familiarem
1025 597 1115 639 eius
1142 597 1298 639 acriter
1322 596 1517 653 requirit,
1546 611 1669 639 accu-

104 660 292 701 satorem
324 658 511 700 concivit
541 657 725 700 Fabium
755 656 1009 712 Romanum,
1042 671 1092 699 ex
1123 656 1288 699 intimis
1314 655 1476 699 Lucani
1508 656 1670 699 amicis.

105 717 242 759 mixta
266 718 379 760 inter
403 719 570 772 patrem
596 717 818 772 filiumque
845 715 1157 759 coniurationis
1183 716 1364 758 scientia
1382 715 1572 772 fingitur,
1598 714 1670 757 ad-

103 776 318 819 simulatis
355 775 517 819 Lucani
558 777 734 819 litteris:
778 790 884 831 quas
928 777 1144 830 inspectas
1181 774 1298 818 Nero
1339 775 1444 817 ferri
1481 775 1534 817 ad
1572 789 1670 817 eum
1696 785 1739 816 15

59 878 61 881 ,
102 835 249 891 iussit,
280 836 435 891 opibus
467 836 559 879 eius
590 835 778 879 inhians.
839 838 885 878 at
914 833 1045 890 Mela,
1082 849 1190 890 quae
1220 836 1313 876 tum
1343 834 1671 889 promptissima

103 895 255 938 mortis
293 895 381 950 via,
419 896 604 938 exsolvit
639 909 791 950 venas,
829 894 1002 949 scriptis
1035 894 1240 936 codicillis
1272 894 1428 949 quibus
1461 893 1669 949 grandem

101 955 331 1009 pecuniam
369 955 414 996 in
452 954 718 1011 Tigellinum
755 967 1043 1010 generumque
1081 954 1171 995 eius
1204 952 1512 995 Cossutianum
1543 951 1669 1008 Capi-

102 1015 251 1056 tonem
283 1014 506 1071 erogabat,
538 1028 622 1070 quo
655 1015 799 1056 cetera
827 1015 1062 1056 manerent.
1112 1013 1283 1056 additur
1308 1012 1516 1055 codicillis
1545 1010 1667 1069 [tam-

103 1087 231 1128 quam
275 1073 327 1116 de
370 1073 598 1129 iniquitate
638 1073 760 1116 exitii
796 1087 978 1128 querens
1015 1072 1080 1114 ita
1115 1072 1374 1128 scripsisset]
1415 1086 1459 1114 se
1497 1072 1670 1127 quidem
1695 1082 1740 1115 20

102 1133 215 1175 mori
246 1132 380 1175 nullis
412 1132 613 1188 supplicii
644 1132 798 1188 causis,
828 1132 1031 1174 Rufrium
1055 1134 1200 1174 autem
1223 1130 1472 1187 Crispinum
1497 1134 1541 1174 et
1564 1131 1669 1174 Ani-

104 1191 217 1234 cium
260 1190 472 1234 Cerialem
516 1192 608 1234 vita
648 1191 737 1234 frui
778 1191 971 1234 infensos
1014 1191 1209 1247 principi.

1276 1206 1384 1247 quae
1429 1191 1671 1246 composita

102 1251 388 1294 credebantur
418 1252 470 1294 (18
502 1250 723 1306 Crispino,
760 1251 862 1307 quia
891 1251 1140 1293 interfectus
1172 1253 1264 1293 erat
1272 1284 1283 1306 ,
1321 1250 1372 1292 de
1404 1249 1590 1305 Ceriale,
1620 1252 1670 1292 ut

100 1310 429 1353 interficeretur.
477 1325 616 1366 neque
648 1311 764 1353 enim
795 1311 931 1353 multo
963 1313 1064 1366 post
1093 1311 1181 1352 vim
1207 1310 1290 1352 sibi
1315 1310 1473 1364 attulit,
1503 1310 1668 1352 minore

101 1384 232 1425 quam
269 1370 402 1412 ceteri>
436 1370 733 1425 miseratione,
771 1370 872 1425 quia
907 1370 1124 1425 proditam
1162 1369 1270 1412 Gaio
1310 1368 1484 1413 Caesari
1522 1369 1667 1412 8811111-
1693 1379 1738 1411 25

99 1429 313 1472 rationem
345 1430 399 1472 ab
432 1445 482 1473 eo
514 1430 813 1475 meminerant.

220 1487 286 1531 De
317 1488 520 1532 Petronio
526 1504 696 1549 pauca
734 1504 862 1544 supra
900 1488 1133 1544 repetenda
1170 1491 1283 1531 sunt.
1343 1503 1444 1531 nam
1479 1488 1546 1530 illi
1578 1488 1667 1530 dies
1684 1489 1738 1531 18

99 1562 178 1602 per
208 1562 423 1603 somnum,
453 1563 540 1591 nox
571 1548 725 1591 officiis
758 1551 802 1590 et
832 1548 1162 1591 oblectamentis
1187 1549 1301 1590 vitae
1326 1548 1666 1603 transigebatur-3

100 1606 234 1662 utque
270 1607 380 1650 alios
419 1608 650 1663 industria,
688 1609 751 1650 ita
788 1608 903 1650 hunc
934 1608 1107 1663 ignavia
1138 1608 1192 1650 ad
1222 1607 1385 1650 famam
1417 1608 1668 1663 protulerat,

99 1665 423 1722 habebaturque
460 1681 550 1710 non
588 1681 726 1724 ganeo
766 1670 810 1709 et
844 1667 1117 1723 profligator,
1154 1669 1203 1709 ut
1232 1667 1425 1735 plerique
1457 1681 1534 1708 sua
1563 1666 1667 1708 hau-

99 1724 316 1782 rientium,
348 1727 420 1768 sed
453 1727 620 1769 erudito
651 1727 766 1768 luxu.
826 1741 890 1769 ac
907 1726 1021 1769 dicta
1050 1726 1250 1782 factaque
1282 1727 1374 1768 eius
1407 1728 1568 1782 quanto
1601 1740 1666 1768 so·
1693 1738 1713 1769 5

98 1784 261 1827 lutiora
287 1787 330 1827 et
355 1786 570 1842 quandam
596 1786 663 1828 sui
687 1786 1008 1842 neglegentiam
1033 1786 1333 1841 praeferentia,
1358 1788 1480 1828 tanto
1502 1786 1667 1842 gratius

100 1844 364 1900 inspeciem
397 1844 687 1900 simplicitatis
719 1844 1055 1899 accipiebantur.
1109 1859 1187 1901 pro
1220 1845 1394 1887 consule
1423 1847 1569 1886 tamen
1594 1843 1667 1886 Bi-

99 1970 134 2007 S.
169 1975 225 2015 12,
256 1975 311 2007 42.
346 1992 390 1998 -—
423 1973 530 2008 Nach
564 1977 619 2017 11,
652 1977 675 2008 4
713 1972 847 2008 erhielt

99 2018 289 2065 Crispinus
313 2019 419 2055 nicht
442 2020 502 2055 die
527 2020 845 2064 konsularischen,

100 2066 259 2102 sondern
285 2067 345 2103 die
370 2068 627 2113 pratorischen
645 2067 846 2113 Insignien,

96 2113 184 2150 weil
221 2125 262 2150 er
297 2113 349 2149 im
380 2114 413 2150 J.
444 2118 490 2151 47
522 2115 590 2151 auf
615 2115 748 2151 Befehl
779 2115 844 2151 des

97 2160 273 2197 Claudius
298 2162 372 2198 den
390 2162 562 2199 Valerius
582 2162 767 2199 Asiaticus
787 2174 843 2198 ar-

95 2208 260 2245 retierte.

147 2259 202 2291 10.
233 2267 303 2301 per
327 2258 627 2302 procurationes,
660 2258 694 2293 d.
725 2258 761 2293 h.
794 2258 849 2294 als

99 2302 330 2357 Prokurator
378 2305 418 2340 in
466 2304 715 2341 kaiserlichen
760 2305 848 2341 Pro-

97 2362 241 2386 vmzen.

172 2388 336 2433 zllber
366 2409 436 2444 quo
465 2399 654 2444 interfecto
685 2400 755 2435 mit
779 2399 848 2435 fol-

98 2445 258 2491 gendem
285 2444 442 2482 Genetiv
474 2447 552 2482 eius
583 2458 610 2484 s.
637 2459 682 2482 zu
705 2447 775 2493 ΚΡ.
804 2451 848 2482 14

96 2504 158 2528 am
183 2492 298 2528 Ende.

148 2544 205 2576 14.
230 2540 487 2576 adsimulare
476 2553 517 2575 111
541 2541 608 2577 der
628 2541 850 2588 Bedeutung

99 2587 316 2634 „fingieren,
341 2587 532 2624 f'alschen“
554 2588 605 2624 ist
623 2588 849 2625 dichterisch

99 2634 176 2670 und
199 2634 493 2679 nachklassisch,
519 2636 580 2672 bei
600 2635 687 2672 Tac.
714 2639 790 2672 erst
810 2636 850 2671 in

100 2681 174 2718 den
198 2683 383 2718 Annalen·
411 2686 445 2727 4,
470 2686 503 2718 8.
531 2686 586 2718 59.
614 2688 648 2727 6,
673 2687 730 2719 25.

152 2733 208 2765 16.
232 2730 389 2773 inhiare,
414 2730 452 2765 in
475 2729 617 2766 diesem
634 2712 850 2777 tropischen

101 2775 216 2812 Sinne
242 2777 494 2822 unklassisch,
529 2778 619 2813 aber
647 2778 763 2814 sehon
788 2778 849 2814 bei

96 2823 271 2869 Plautus,
308 2825 411 2861 steht
442 2825 537 2861 auch
568 2829 602 2870 4,
637 2830 691 2862 12.
727 2830 845 2869 11,1.

968 1977 1023 2009 18.
1062 1972 1303 2009 Cossutianus
1335 1973 1442 2009 hatte
1471 1973 1525 2008 im
1555 1973 1588 2008 J.
1621 1977 1666 2008 62

918 2020 990 2056 den
1009 2020 1142 2056 Prator
1160 2020 1346 2056 Antistius
1370 2021 1437 2056 der
1453 2020 1666 2066 Majestats-

917 2068 1161 2114 beleidigung
1191 2068 1408 2114 angeklagt.
1459 2068 1494 2103 S.
1528 2071 1583 2111 14,
1608 2071 1665 2103 48.

967 2119 1022 2151 19.
1060 2119 1246 2161 tamquam
1282 2117 1348 2152 ctt.
1386 2116 1437 2151 ist
1474 2115 1576 2151 wohl
1608 2116 1667 2151 ein

918 2162 1098 2199 Glossem.

966 2214 1022 2246 25.
1055 2212 1363 2256 coniurationem,
1393 2211 1445 2247 im
1470 2211 1583 2247 Jahre
1608 2214 1665 2247 40.

970 2305 1033 2342 18.
1072 2310 1104 2343 2.
1135 2296 1236 2341 llber
1274 2306 1334 2342 die
1368 2306 1667 2351 Abwechselung

920 2352 986 2388 der
1017 2353 1255 2399 Praposition
1280 2365 1350 2399 per
1381 2354 1451 2389 mit
1482 2354 1567 2389 dem
1594 2354 1665 2389 fol-

920 2400 1067 2446 genden
1092 2401 1246 2436 Ablativ
1270 2402 1345 2446 vgl.
1370 2400 1467 2437 Einl.
1494 2405 1525 2444 ξ.
1546 2405 1601 2438 60.

993 2439 1134 2484 ,111181-
1154 2449 1361 2493 protulerat
1384 2461 1410 2484 s.
1438 2461 1482 2483 zu
1503 2453 1559 2493 12,
1578 2453 1611 2492 3,
1632 2453 1666 2484 9.

967 2499 1001 2530 4.
1028 2499 1061 2530 et
1078 2495 1131 2530 im
1149 2495 1350 2541 negativen
1370 2496 1495 2531 Satze·
1521 2508 1548 2532 s.
1569 2496 1664 2532 Einl.

921 2546 952 2585 ξ.
961 2546 1017 2578 61.
1034 2563 1072 2567 —
1086 2544 1337 2599 prosliyator„
1342 2543 1653 2579 Verschwender“
1657 2572 1666 2588 ‚

920 2589 960 2624 in
986 2589 1126 2625 diesem
1151 2590 1263 2626 Sinne
1289 2602 1352 2626 απ.
1374 2589 1442 2636 sto.

970 2640 1002 2671 5.
1019 2638 1162 2673 erudito
1175 2638 1279 2680 luxu,
1292 2638 1445 2674 Ablativ
1456 2638 1522 2672 der
1529 2637 1664 2684 Eigen-

925 2684 1048 2719 schaft
1071 2684 1133 2720 bei
1152 2685 1289 2728 haberi,
1314 2685 1384 2720 wie
1405 2690 1438 2730 6,
1458 2689 1503 2720 48
1522 2685 1666 2721 Balbus

922 2732 1020 2767 mei
1044 2733 1247 2777 eloquentia
1270 2733 1480 2770 habebatur.

972 2783 1002 2814 7.
1036 2781 1196 2825 accipere
1217 2781 1260 2815 in
1279 2780 1358 2824 „als
1377 2782 1492 2816 etwas
1511 2780 1664 2817 aufneh-

919 2828 1027 2862 men“
1060 2827 1156 2862 auch
1184 2832 1220 2871 1,
1249 2832 1293 2862 14
1320 2828 1362 2863 in
1385 2829 1665 2864 deminutionem

918 2875 988 2909 sui.
1021 2878 1053 2920 6,
1075 2878 1128 2910 13.
1159 2879 1214 2921 12,
1235 2878 1291 2912 43.
1323 2874 1466 2911 Livius:
1491 2877 1533 2912 in
1551 2887 1665 2920 omen,
