1786 3120
555 107 701 144 LIBER
725 107 824 143 XIII.
857 106 961 143 CAP.
981 109 1132 142 42—44.
1566 104 1649 146 111

80 220 177 275 ipsa
209 218 305 261 aliis
338 218 548 273 delegerit.
609 216 743 272 igitur
775 215 977 269 adempta
1006 214 1221 256 bonorum
1254 215 1377 268 parte
1411 211 1530 269 (nam
1561 214 1652 256 filio

79 282 124 321 et
161 278 283 334 nepti
319 292 422 332 pars
458 275 771 319 concedebatur
803 273 1185 328 eximebanturque
1217 272 1349 314 etiam
1381 286 1489 327 quae
1519 275 1654 315 testa-

80 339 227 380 mento
266 336 419 379 matris
455 337 532 378 aut
563 335 683 377 aviae
716 331 988 388 acceperant)
1021 331 1066 374 in
1098 332 1265 374 insulas
1297 330 1499 374 Baleares
1530 332 1653 386 pelli·
1680 342 1725 374 20

80 400 170 452 tur,
211 411 300 439 non
341 396 387 437 in
425 395 521 450 ipso
560 392 824 447 discrimine,
868 406 957 434 non
995 393 1094 446 post
1131 391 1452 433 damnationem
1490 390 1654 434 fractus

81 456 245 498 animo:
276 455 579 508 ferebaturque
611 452 788 506 copiosa
820 452 863 493 et
893 451 1014 493 molli
1044 451 1135 492 vita
1167 452 1379 493 secretum
1410 449 1517 492 illud
1548 450 1653 492 tole-

80 515 257 558 ravisse.
317 513 455 555 filium
500 512 592 554 eius
631 510 907 554 Nerullinum
951 510 1165 565 adgressis
1210 509 1534 552 accusatoribus
1579 523 1656 564 per

80 573 288 616 invidiam
326 572 462 628 patris
499 573 542 613 et
574 570 753 612 crimina
784 569 1139 624 repetundarum,
1177 569 1424 611 intercessit
1454 568 1656 624 princeps

79 635 303 688 tamquam
336 631 443 673 satis
476 630 647 683 expleta
677 628 857 671 ultione.
1681 637 1727 669 25

200 691 283 733 Per
305 690 420 732 idem
445 691 617 743 tempus
644 687 847 730 Octavius
869 686 1042 743 Sagitta
1067 687 1210 742 plebei
1233 687 1448 742 tribunus,
1473 686 1655 730 Pontiae
1669 686 1728 728 44

81 750 275 793 mulieris
306 752 471 805 nuptae
503 761 650 790 amore
678 761 869 801 vaecors,
899 747 1150 803 ingentibus
1177 746 1300 789 donis
1327 746 1588 788 adulterium
1613 749 1657 788 et

61 824 199 864 -m01,
242 811 294 851 ut
337 808 559 851 omitteret
601 806 823 861 maritum,
867 808 1124 861 emereatur,
1168 820 1294 848 suum
1332 805 1657 848 matrimonium

81 868 341 924 promittens
373 881 422 909 ac
453 866 629 921 nuptias
662 866 752 907 eius
784 867 949 920 pactus.
999 865 1074 907 sed
1104 865 1179 907 ubi
1211 864 1366 907 mulier
1396 879 1532 907 vacua
1562 865 1658 919 fuit,

84 929 255 970 nectere
287 941 444 981 moras,
476 925 702 968 adversam
733 924 872 979 patris
903 924 1172 966 voluntatem
1204 924 1374 966 causari
1402 926 1657 979 repertaque
1684 934 1704 965 5

82 1001 157 1041 spe
195 986 362 1029 ditioris
400 985 595 1040 coniugis
634 984 849 1039 promissa
885 998 1049 1025 exuere.
1111 983 1314 1026 Octavius
1348 986 1498 1026 contra
1528 982 1657 1026 modo

81 1045 289 1100 conqueri
314 1045 442 1087 modo
469 1043 672 1098 minitari,
703 1043 866 1085 famam
893 1042 1120 1098 perditam,
1150 1043 1377 1098 pecuniam
1403 1042 1659 1085 exhaustam

82 1105 326 1159 obtestans,
367 1103 550 1158 denique
589 1103 793 1156 salutem,
832 1116 941 1157 quae
980 1102 1072 1144 sola
1105 1102 1272 1157 reliqua
1303 1103 1437 1154 esset,
1476 1101 1657 1144 arbitrio

81 1164 173 1207 eius
211 1163 480 1219 permittens.
543 1176 593 1204 ac
630 1163 862 1216 postquam
897 1161 1200 1216 spernebatur,
1236 1163 1409 1203 noctem
1439 1175 1571 1203 unam
1603 1161 1659 1203 ad

83 1223 295 1265 solacium
325 1222 487 1277 poscit,
526 1236 612 1276 qua
642 1220 855 1262 delenitus
887 1220 1062 1263 modum
1093 1221 1139 1262 in
1169 1222 1391 1275 posterum
1424 1220 1659 1262 adhiberet.
1686 1230 1730 1262 10

82 1282 290 1324 statuitur
325 1296 430 1336 nox,
467 1282 522 1322 et—
549 1279 706 1322 Pontia
743 1280 938 1323 consciae
976 1279 1157 1322 ancillae
1196 1279 1437 1322 custodiam
1474 1279 1660 1321 cubiculi

82 1341 271 1383 mandat.
332 1341 405 1382 ille
448 1354 536 1382 uno
576 1354 673 1382 cum
710 1339 868 1381 liberto
905 1338 1067 1382 sermm
1103 1340 1222 1381 veste
1261 1339 1477 1381 occultum
1513 1338 1660 1381 infert.

81 1403 193 1455 tum,
234 1402 284 1442 ut
321 1399 489 1442 adsolet
525 1399 572 1441 in
610 1412 756 1441 amore
795 1400 839 1440 et
875 1399 958 1454 ira,
999 1398 1142 1454 iurgia
1178 1412 1346 1454 preces,
1382 1398 1659 1454 exprobratio

84 1459 323 1502 satisfactio
362 1460 405 1500 et
442 1472 542 1514 pars
580 1458 858 1500 tenebrarum
894 1457 1063 1500 libidini
1101 1458 1310 1514 seposita3
1355 1460 1398 1499 et
1435 1457 1559 1513 quasi
1596 1457 1660 1499 in-

79 1532 237 1561 census
269 1517 380 1560 nihil
410 1520 675 1560 metuentem
707 1517 821 1559 ferro
846 1517 1170 1559 transverberat
1195 1519 1238 1559 et
1264 1519 1558 1559 accurrentem
1584 1531 1658 1559 an·
1687 1526 1730 1559 15

84 1578 233 1620 cillam
272 1577 449 1619 vulnere
489 1577 703 1619 absterret
740 1575 1022 1632 cubiculoque
1059 1577 1318 1632 prorumpit.
1378 1578 1555 1632 postera
1592 1576 1659 1618 die

131 1755 188 1787 20.
227 1754 293 1787 aut
323 1751 519 1795 bedentet,
555 1750 636 1786 dass
668 1751 833 1786 dieselbe
907 1751 978 1797 Kp.
1005 1755 1027 1787 8
1058 1755 1186 1788 vestem
1208 1752 1380 1798 principi
1404 1752 1660 1798 triumphalem

84 1799 223 1835 Person
254 1798 315 1834 fiir
347 1798 419 1834 den
445 1798 548 1834 Sohn
572 1798 650 1833 und
676 1798 736 1834 die
761 1798 833 1833 En·
907 1802 1018 1844 utque
1042 1809 1156 1835 ovans
1180 1800 1305 1835 wrbem
1329 1799 1451 1837 iniret.

85 1845 189 1881 kelin
221 1844 261 1880 in
292 1845 596 1881 verschiedenem
622 1845 744 1881 Grade
770 1845 836 1881 der
956 1850 988 1883 3.
1032 1839 1133 1882 Uber
1176 1847 1242 1882 das
1281 1846 1515 1883 Taciteische
1553 1857 1660 1882 emer—

85 1892 414 1929 Verwandtschaft
437 1905 483 1927 zu
507 1892 655 1927 denken
680 1892 741 1927 ist.
910 1894 990 1928 cari
1015 1905 1042 1928 s.
1069 1905 1114 1928 zu
1140 1897 1195 1938 12,
1224 1897 1279 1929 14.

133 1945 191 1975 22.
228 1943 400 1976 seeretwm
425 1939 510 1984 „die
534 1938 836 1984 Abgeschieden-
958 1945 990 1976 6.
1026 1951 1155 1976 exuere
1187 1940 1384 1976 verbindet
1410 1940 1496 1976 Tac.
1524 1941 1660 1977 ebenso

85 1988 188 2023 heit“
214 1987 280 2022 des
300 1986 413 2022 Exils.
452 1986 537 2032 Vgl.
562 1990 596 2031 4,
617 1989 661 2022 57
676 1987 768 2032 pari
786 1996 837 2021 se·
910 1987 981 2022 mit
1004 1988 1123 2032 fidem,
1147 1989 1330 2032 virtutem,
1356 1988 1570 2032 amicitiam,
1590 2000 1663 2034 pa·

80 2038 181 2070 *creto
202 2054 246 2061 —
267 2034 392 2070 Rhodi
409 2037 553 2078 secreto,
572 2034 649 2069 und
669 2045 709 2069 so
730 2033 837 2071 oster.
912 2045 1004 2078 cem,
1023 2039 1156 2080 pacta,
1181 2036 1304 2079 iussa,
1330 2036 1547 2080 obsequium.

87 2082 168 2118 Liv.
195 2085 252 2126 23,
279 2084 301 2116 8
326 2082 392 2118 ubi
416 2082 458 2117 in
482 2085 657 2136 secretum
668 2091 838 2126 perverte-
959 2085 993 2117 8.
1028 2083 1209 2118 obtestans
1234 2083 1340 2127 „sich
1366 2083 1573 2118 berufend“
1597 2083 1665 2119 auf

89 2133 187 2165 runt.
230 2132 288 2174 35,
315 2133 359 2164 32
387 2129 617 2174 conloquium
641 2140 684 2164 m
707 2131 838 2164 secreto
912 2130 1046 2173 etwas,
1079 2130 1158 2165 also
1185 2130 1256 2165 mit
1282 2131 1404 2165 einem
1431 2130 1572 2176 Objekt
1596 2130 1663 2167 der

89 2177 265 2213 habitum.
913 2176 1042 2222 Sache,
1067 2176 1140 2213 wie
1160 2177 1235 2213 Cic.
1262 2189 1318 2223 ep.
1347 2177 1406 2214 ad.
1427 2178 1528 2214 Brut.
1558 2182 1589 2222 1,
1618 2182 1661 2214 13

134 2228 191 2259 23.
235 2224 284 2259 M.
325 2223 478 2259 Suillius
516 2223 749 2267 Nerullinus,
786 2222 838 2257 im
911 2225 1209 2261 uecessitudinem
1235 2228 1400 2261 nostram
1424 2229 1596 2271 tuamque
1620 2227 1663 2261 iri

86 2271 121 2307 J.
155 2274 199 2306 50
231 2270 391 2315 Romul,
422 2270 525 2306 ward
556 2273 665 2306 miter
694 2270 836 2316 Vespa·
911 2282 966 2307 me
990 2272 1269 2308 benevolentiam
1293 2274 1484 2320 obtestans.
1524 2273 1565 2308 In
1586 2273 1663 2309 die-

90 2317 172 2354 sian
207 2318 419 2353 Prokonsul
456 2329 531 2354 von
561 2317 663 2355 Asia.
696 2338 741 2343 —
774 2319 838 2353 ad-
911 2329 969 2354 ser
999 2319 1222 2366 Bedeutuug
1252 2320 1381 2356 selten.
1432 2313 1596 2356 Ahnlich
1628 2325 1662 2366 2,

86 2366 220 2412 yressis
244 2365 315 2400 mit
340 2365 426 2400 dem
450 2365 580 2402 Aecus.
606 2365 683 2411 vgl.
710 2377 754 2400 zu
783 2369 838 2410 11,
912 2369 957 2402 65
990 2367 1146 2403 eiusdem
1176 2368 1342 2412 familiae
1373 2368 1456 2404 deos
1487 2371 1520 2403 et
1544 2368 1663 2413 hospi-

89 2417 147 2457 25,
176 2417 206 2448 1.
235 2416 290 2455 12,
318 2416 375 2456 32,
401 2415 435 2447 3.
912 2414 1002 2450 talis
1025 2425 1167 2450 mensas
1191 2415 1434 2451 obtestantem.

138 2463 194 2495 24.
226 2460 522 2505 repetundarum.
570 2459 727 2496 Welche
752 2459 839 2495 Pro·
964 2465 1017 2497 14.
1050 2463 1159 2507 quasi
1184 2462 1321 2498 drtickt
1345 2463 1418 2498 den
1443 2461 1663 2498 wirkliehen

90 2506 174 2543 vinz
200 2518 240 2542 er
264 2507 399 2543 vorher
422 2507 619 2543 verwaltet
642 2508 759 2551 hatte,
789 2506 841 2542 ist
913 2507 1042 2544 Grund
1079 2520 1163 2554 aus,
1202 2510 1295 2544 statt
1323 2512 1382 2552 ut,
1421 2509 1547 2554 gleich
1578 2509 1664 2545 dem

90 2554 319 2591 unbekannt.
914 2555 1172 2601 griechischen
1209 2553 1275 2600 ὡς,
1317 2557 1393 2591 und
1431 2567 1528 2591 zwar
1565 2557 1663 2592 ohne

139 2605 197 2638 25.
223 2592 324 2637 Uber
348 2605 534 2647 tamquam
559 2613 587 2636 s.
607 2600 702 2637 Einl.
729 2605 760 2645 ξ.
782 2605 838 2637 95.
914 2603 1100 2639 indirekte
1114 2603 1228 2648 Rede,
1247 2603 1317 2638 wie
1338 2603 1435 2639 auch
1450 2607 1482 2647 6,
1499 2607 1541 2658 11
1556 2605 1664 2649 quasi

331 2686 338 2694 ,
915 2651 1067 2687 nescius.
1122 2654 1177 2694 12,
1203 2654 1247 2686 47
1279 2651 1388 2695 quasi
1411 2651 1664 2687 iurisiurandi

140 2694 204 2731 44.
248 2700 278 2730 1.
314 2686 415 2731 Uber
447 2695 506 2730 die
534 2694 706 2741 Stellung
723 2697 842 2742 plebei
913 2708 1057 2734 memor.
1110 2699 1222 2734 Sonst
1255 2698 1373 2743 pflegt
1407 2698 1538 2734 ‘edoch
1573 2698 1663 2734 Ora—

93 2743 182 2779 trib.
206 2755 234 2778 s.
260 2755 305 2778 zu
329 2742 400 2788 ΚΡ.
428 2746 484 2778 28.
914 2745 970 2781 tio
999 2745 1184 2781 indirecta
1212 2757 1256 2780 zu
1282 2745 1385 2780 Οτι-1111
1414 2755 1433 2781 6
1458 2758 1503 2781 211
1527 2745 1662 2792 liegen.

30 2834 34 2837 ⁵
143 2794 176 2827 2.
215 2789 361 2836 Wegen
392 2790 457 2826 der
481 2788 752 2826 Koordination
776 2791 842 2827 des
916 2792 950 2828 S.
978 2793 1075 2828 Einl.
1102 2797 1133 2836 ξ.
1159 2796 1216 2828 95.

98 2836 336 2873 Substantivs
369 2838 592 2874 adulterium
623 2836 694 2872 mit
721 2837 842 2874 einem
965 2844 1019 2876 16.
1049 2851 1288 2886 prorumpere
1312 2838 1383 2875 mit
1406 2839 1563 2876 blossem
1588 2840 1663 2876 Ab·

98 2883 344 2929 (Nebensatze
379 2888 422 2920 ut
458 2886 645 2929 omitteret)
683 2885 758 2930 vgl.
797 2898 842 2921 211
914 2887 1025 2932 lativ,
1056 2887 1126 2923 wie
1158 2891 1213 2933 15,
1239 2891 1295 2923 40.
1322 2887 1408 2924 hist.
1435 2892 1468 2932 4,
1495 2892 1541 2924 34
1565 2888 1664 2923 nach
