1794 3126
590 111 736 148 LIBER
759 111 857 149 XVI.
889 111 994 149 CAP.
1013 115 1166 149 28-32.
1571 111 1656 154 237

89 222 211 265 tium.
265 223 413 264 vetera
443 221 568 264 haec:
606 220 680 263 sed
708 233 857 262 recens
888 222 932 262 et
963 234 1047 276 quo
1079 220 1320 263 discrimini
1350 221 1488 275 patris
1519 221 1654 264 filiam
1682 231 1702 263 5

89 280 359 335 conectebat,
401 280 516 336 quod
557 279 784 335 pecuniam
827 279 966 335 magis
1010 278 1216 334 dilargita
1252 282 1380 321 esset.
1442 280 1655 323 acciderat

88 354 194 384 sane
225 340 388 395 pietate
414 338 621 382 Serviliae
652 338 715 394 (id
739 338 856 380 enim
879 352 1039 381 nomen
1070 338 1239 393 puellae
1265 336 1386 395 fuit),
1418 353 1526 394 quae
1552 340 1658 381 cari-

87 401 180 443 tate
206 413 311 455 erga
340 401 575 455 parentem,
606 397 735 440 simul
765 397 1040 452 inprudentia
1065 398 1220 440 aetatis
1244 411 1334 439 non
1363 400 1510 440 tamen
1537 397 1654 440 aliud

87 459 410 502 consultaverat
453 472 582 513 quam
619 456 673 499 de
709 456 1007 499 incolumitate
1048 457 1219 512 domus,
1256 459 1300 499 et
1336 471 1392 499 an
1428 457 1654 512 placabilis

86 517 224 574 Nero,
261 533 319 560 an
349 517 540 572 cognitio
573 518 748 558 senatus
779 516 890 558 nihil
928 518 1055 559 atrox
1094 516 1291 559 adferret.
1354 516 1487 572 igitur
1518 516 1657 559 accita
1684 527 1728 558 10

87 579 155 620 est
191 577 237 619 in
274 579 489 631 senatum,
533 578 828 631 steteruntque
865 575 1025 618 diversi
1063 578 1164 618 ante
1202 575 1394 618 tribunal
1431 576 1657 619 consulum

87 636 263 693 grandis
295 650 401 679 aevo
432 649 601 690 parens,
633 637 783 678 contra
813 634 904 677 filia
934 635 1051 677 intra
1081 635 1363 678 vicensimum
1394 635 1550 678 aetatis
1583 650 1655 677 an—

85 711 210 750 num,
245 709 382 750 nuper
418 694 574 737 marito
606 694 752 737 Annio
783 693 980 737 Pollione
1018 694 1065 736 in
1101 695 1276 737 exilium
1316 695 1441 750 pulso
1479 694 1657 737 viduata

89 755 380 810 desolataque,
406 769 455 797 ac
481 768 536 796 ne
561 756 729 809 patrem
756 753 926 809 quidem
951 754 1137 809 intuens,
1169 754 1289 797 cuius
1319 768 1521 796 onerasse
1546 753 1656 809 peri-

87 815 184 857 cula
214 813 452 857 videbatur.
1683 822 1728 854 15

206 872 317 916 Tum
354 873 651 929 interrogante
690 875 959 927 accusatore,
997 887 1055 914 an
1086 872 1226 915 cultus
1266 871 1452 927 dotales,
1490 887 1547 915 an
1583 872 1654 915 de-
1668 870 1723 913 31

85 934 275 976 tractum
306 932 460 975 cervici
491 932 652 974 monile
682 946 841 974 venum
871 931 1078 987 dedisset,
1114 945 1199 986 quo
1235 931 1464 986 pecuniam
1494 931 1655 974 facien—

86 992 154 1035 dis
184 991 365 1048 magicis
397 992 530 1034 sacris
562 991 854 1046 contraheret,
893 991 1082 1046 primum
1113 993 1251 1034 strata
1286 990 1409 1033 humi
1438 991 1656 1047 longoque

88 1051 194 1095 fletu
224 1054 268 1093 et
298 1051 481 1106 silentio,
510 1053 612 1106 post
643 1051 798 1093 altaria
829 1053 872 1093 et
903 1065 1023 1095 aram
1054 1050 1280 1105 complexa
1311 1049 1484 1092 ‘nullos'
1515 1050 1657 1106 inquit

88 1110 261 1166 ‘impios
293 1110 414 1164 deos,
444 1111 587 1153 nullas
618 1110 886 1165 devotiones,
922 1124 1003 1152 nec
1033 1109 1149 1152 aliud
1181 1109 1425 1152 infelicibus
1454 1109 1655 1165 precibus
1682 1117 1703 1149 5

88 1170 289 1213 invocavi
320 1184 451 1225 quam
482 1173 531 1212 ut
561 1169 674 1212 hunc
706 1170 920 1225 optimum
950 1171 1118 1224 patrem
1148 1171 1215 1223 tu,
1246 1166 1422 1224 Caesar,
1453 1183 1549 1224 vos,
1578 1184 1655 1225 pa-

88 1232 190 1284 tres,
222 1229 453 1272 servaretis
483 1229 758 1272 incolumem.
803 1229 864 1271 sic
894 1242 1090 1285 gemmas
1116 1230 1160 1270 et
1182 1231 1325 1271 vestes
1351 1232 1396 1271 et
1425 1227 1655 1284 dignitatis

86 1288 278 1345 insignia
315 1288 430 1340 dedi,
470 1288 684 1344 quomodo
723 1289 761 1331 si
798 1288 1057 1344 sanguinem
1094 1290 1138 1330 et
1174 1287 1310 1330 vitam
1341 1288 1655 1344 poposcissent.

86 1347 274 1391 viderint
303 1348 390 1403 isti,
420 1348 602 1390 antehac
626 1348 735 1390 mihi
766 1348 918 1403 ignoti,
947 1361 1032 1402 quo
1062 1347 1237 1390 nomine
1269 1347 1368 1403 sint,
1399 1362 1507 1403 quas
1539 1349 1655 1390 artes

88 1409 334 1450 exerceant:
364 1408 486 1449 nulla
516 1407 624 1449 mihi
654 1407 862 1462 principis
895 1407 1059 1449 mentio
1090 1407 1175 1449 nisi
1207 1407 1320 1449 inter
1350 1406 1530 1449 numina
1561 1406 1658 1456 fuit,
1683 1415 1727 1447 10

86 1466 225 1510 nescit
252 1468 400 1509 tamen
430 1467 696 1509 miserrimus
727 1469 851 1522 pater
882 1469 942 1521 et,
975 1466 1013 1508 si
1043 1466 1206 1508 crimen
1232 1469 1310 1521 est,
1342 1466 1435 1509 sola
1465 1465 1653 1522 deliqui?

204 1525 440 1581 Loquentis
471 1526 609 1568 adhuc
639 1526 772 1568 verba
802 1526 961 1581 excipit
986 1524 1174 1568 Soranus
1210 1526 1534 1581 proclamatque
1564 1540 1655 1568 non
1669 1522 1727 1565 32

88 1585 225 1628 illam*
242 1586 288 1627 in
311 1585 581 1641 provinciam
608 1599 751 1627 secum
782 1584 1033 1640 profectam,
1063 1599 1153 1627 non
1178 1585 1335 1627 Plauto
1364 1599 1442 1640 per
1467 1587 1654 1627 aetatem

85 1644 209 1687 nosci
236 1645 443 1700 potuisse,
474 1659 563 1687 non
587 1644 839 1687 criminibus
865 1644 1010 1686 mariti
1039 1658 1265 1687 conexam:
1296 1644 1456 1686 nimiae
1481 1646 1655 1687 tantum

87 1704 264 1758 pietatis
294 1718 414 1747 ream
445 1706 707 1760 separarent,
738 1707 865 1760 atque
896 1704 988 1759 ipse
1020 1718 1332 1759 quamcumque
1365 1705 1526 1747 sortem
1558 1705 1655 1747 sub-

86 1763 181 1805 iret.
243 1763 373 1805 simul
411 1763 459 1805 in
490 1763 713 1818 amplexus
745 1763 1008 1806 occurrentis
1045 1763 1159 1804 filiae
1190 1763 1363 1818 ruebat,
1399 1763 1486 1806 nisi
1524 1763 1655 1805 inter·
1682 1771 1703 1802 5

87 1822 189 1865 iecti
224 1822 400 1865 lictores
431 1822 624 1878 utrisque
656 1822 939 1871 obstitissent.
994 1837 1096 1864 mox
1133 1821 1258 1864 datus
1296 1822 1482 1865 testibus
1513 1823 1656 1878 locus,

87 1883 132 1923 et
156 1883 366 1937 quantum
390 1881 707 1925 misericordiae
733 1881 915 1924 saevitia
939 1881 1226 1924 accusationis
1251 1884 1535 1937 permoverat,
1558 1884 1655 1924 tan-

86 1943 181 1983 tum
205 1941 296 1983 irae
320 1939 367 1983 P.
391 1940 606 1997 Egnatius
633 1940 758 1983 testis
785 1940 980 1984 concivit.
1026 1940 1161 1983 cliens
1186 1940 1258 1983 hic
1284 1939 1452 1996 Sorani,
1485 1942 1528 1984 et
1550 1943 1656 1984 tunc

134 2097 167 2128 5.
190 2096 310 2129 vetera
327 2094 430 2137 haec,
451 2093 615 2129 dieselbe
634 2092 835 2139 Wendung
907 2092 998 2128 sein.
1047 2091 1190 2128 Anders
1221 2092 1317 2128 Plin.
1348 2104 1435 2138 pan.
1467 2097 1485 2128 1
1526 2093 1656 2129 electus

87 2139 158 2176 wie
173 2144 228 2185 11,
242 2144 287 2176 23
307 2142 466 2176 recentia
483 2141 587 2176 haec:
610 2141 702 2186 quid
720 2141 756 2175 si
769 2142 834 2176 ctt.
907 2141 1003 2175 inter
1028 2150 1116 2176 aras
1141 2143 1173 2175 et
1197 2140 1346 2176 altaria.

138 2191 193 2223 11.
213 2189 350 2224 diversi
367 2188 568 2233 „einander
585 2188 834 2242 gegem'iber“.
955 2191 987 2223 6.
1019 2186 1092 2223 Mit
1128 2187 1200 2223 den
1234 2187 1392 2223 Worten
1427 2191 1486 2231 tu,
1518 2187 1656 2224 Caesar

138 2239 193 2270 13.
206 2234 314 2271 Nach
330 2239 387 2280 15,
401 2240 444 2271 71
464 2246 542 2271 war
555 2237 700 2271 Annius
714 2235 835 2271 Pollio
906 2234 999 2270 wird
1019 2234 1072 2270 sie
1098 2234 1177 2270 sich
1205 2246 1254 2270 an
1282 2235 1344 2270 ein
1364 2234 1563 2271 Standbild
1589 2235 1655 2271 des

87 2282 140 2318 im
165 2281 321 2328 vorigen
344 2283 456 2319 Jahre
482 2283 538 2318 als
557 2282 835 2318 Mitverschwo·
906 2282 1153 2318 abwesenden
1166 2282 1316 2318 Kaisers
1330 2283 1506 2328 gewandt
1519 2282 1654 2319 haben.

88 2340 196 2365 rener
221 2329 286 2365 des
305 2329 391 2366 Piso
416 2331 601 2366 verbannt
625 2330 786 2366 worden.
908 2350 953 2356 -—
979 2329 1063 2375 Vgl.
1089 2342 1134 2365 zu
1160 2334 1192 2374 6,
1218 2333 1240 2365 8
1265 2334 1388 2374 tuum,
1415 2329 1568 2373 Caesar,
1598 2341 1654 2376 ye-

135 2424 200 2460 81.
242 2429 272 2459 1.
306 2425 424 2460 cultus
459 2424 832 2469 „Schmucksachen“
905 2388 1065 2460 nefzmzcoe
1090 2444 1134 2449 -
1160 2425 1336 2469 quomodo
1369 2424 1466 2460 auch
1495 2423 1565 2470 ΚΡ.
1596 2428 1653 2460 32.

88 2472 186 2508 auch
212 2475 269 2517 13,
296 2475 351 2507 13.
394 2471 532 2517 Hfiufig
563 2471 616 2506 im
648 2471 831 2518 singular.
906 2476 940 2516 4,
960 2475 1016 2507 35.
1042 2471 1132 2506 dial.
1147 2476 1204 2507 36.
1229 2471 1378 2507 Petron.
1393 2476 1450 2508 38.
1478 2471 1577 2508 CaeL
1593 2483 1652 2518 ap.

136 2523 170 2554 4.
195 2519 302 2554 Nach
320 2519 471 2555 Servius
490 2519 574 2554 sind
598 2519 737 2555 altaria
761 2519 833 2555 den
906 2518 980 2554 Cic.
1012 2518 1100 2555 fam.
1126 2521 1161 2563 8,
1186 2523 1218 2554 4.
1271 2519 1373 2554 Statt
1408 2520 1584 2565 quomodo
1619 2520 1654 2555 si

89 2566 264 2610 Gottern,
308 2578 399 2602 arae
439 2567 694 2612 vergotterten
730 2567 830 2602 Men·
905 2566 974 2602 hat
998 2565 1085 2602 Tac.
1111 2567 1216 2601 sonst
1239 2569 1282 2601 ut
1305 2567 1348 2602 si.

89 2614 202 2650 schen
234 2614 409 2660 geweiht.
458 2614 550 2649 Hier
582 2614 723 2649 konnte
754 2614 834 2649 also

89 2662 156 2697 der
202 2662 311 2697 Altar
359 2661 491 2707 irgend
540 2661 639 2697 eines
684 2660 833 2696 Kaisers
952 2660 1016 2696 32.
1043 2664 1076 2697 3.
1102 2671 1287 2705 conexam,
1317 2660 1386 2696 wie
1411 2660 1482 2707 ΚΡ.
1509 2665 1555 2696 30
1580 2661 1653 2697 dis-

89 2709 210 2745 neben
247 2709 333 2744 dem
369 2709 435 2744 der
467 2708 593 2744 Venus
629 2708 835 2755 gestanden
905 2709 1054 2744 crimini
1072 2708 1283 2744 cmaectebat.
1309 2707 1378 2754 ΚΡ.
1396 2712 1439 2743 14
1456 2709 1652 2745 multorum

90 2756 223 2792 haben.
274 2756 343 2792 Die
369 2756 556 2792 Situation
587 2756 653 2791 der
685 2756 835 2791 Schutz-
906 2756 1081 2791 amicitiis
1105 2756 1291 2802 innefzwn.

90 2802 286 2839 flehenden
313 2803 460 2839 scheint
484 2803 574 2839 aber
597 2815 642 2838 zu
672 2802 835 2848 fordern,
955 2807 987 2839 5.
1013 2803 1151 2839 ruebat.
1184 2794 1286 2838 Uber
1311 2803 1382 2838 den
1408 2802 1598 2840 Indikativ
1624 2816 1650 2839 s.

90 2849 172 2885 dass
197 2863 268 2886 nur
285 2851 357 2887 Ein
375 2851 484 2887 Altar
508 2851 676 2887 erwahnt
693 2850 834 2886 werde:
907 2850 1004 2887 Einl.
1031 2854 1062 2893 ξ.
1092 2854 1171 2895 103,
1192 2861 1224 2886 a.

92 2897 209 2934 daher
245 2910 332 2945 mag
368 2902 401 2934 et
430 2910 536 2935 aram
571 2898 632 2934 ein
666 2898 835 2934 Glossem
955 2901 988 2935 8.
1015 2897 1055 2934 P.
1077 2897 1258 2943 Egnatius
1277 2897 1382 2934 Celer
1407 2909 1472 2934 aus
1492 2897 1651 2944 Berytus
