1820 3100
118 1172 177 1215 26

116 1783 177 1860 *27

188 120 276 165 216

618 107 847 158 CORNELII
871 120 1034 159 TACITI
1057 121 1317 159 AN'NALIUM

1687 50 1690 53 ·
1770 46 1784 61 ἠ

1814 145 1820 156 1

189 233 301 286 tum,
340 230 393 272 ab
425 229 531 285 ipsis
572 230 789 286 quondam
826 230 1065 286 incensum,
1102 230 1170 273 cui
1205 244 1363 273 nomen
1394 230 1557 285 Auzea,
1593 230 1750 285 positis

189 289 433 345 mapalibus
473 289 736 343 consedisse,
773 289 877 332 fisos
913 289 1028 344 loco,
1067 289 1167 344 quia
1204 290 1338 332 vastis
1372 289 1530 331 circum
1564 288 1750 333 saltibus

190 348 482 391 claudebatur.
529 350 623 391 tum
648 347 872 402 expeditae
898 348 1098 391 cohortes
1124 348 1313 403 alaeque,
1345 363 1473 403 quam
1504 348 1550 390 in
1579 350 1749 403 partem

142 416 165 449 5
191 407 445 449 ducerentur
475 406 672 462 ignarae,
709 407 795 450 cito
827 407 1000 463 agmine
1032 406 1268 462 rapiuntur.
1329 407 1541 462 simulque
1572 408 1750 462 coeptus

191 466 281 508 dies
314 468 356 508 ct
387 468 596 508 concentu
627 466 829 508 tubarum
861 480 910 508 ac
940 466 1052 508 truci
1089 466 1275 508 clamore
1313 465 1492 507 aderant
1529 466 1749 508 semisom-

188 538 270 568 nos
309 524 354 566 in
394 524 620 578 barbaros,
660 523 921 580 praepeditis
956 523 1243 567 Numidarum
1283 525 1403 579 equis
1445 526 1520 566 aut
1559 524 1751 567 diversos

189 585 341 638 pastus
372 583 707 638 pererrantibus.
769 583 823 625 ab
855 582 1061 625 Romanis
1094 583 1310 625 confertus
1341 583 1483 639 pedes,
1514 583 1751 638 dispositae

193 644 375 695 turmae,
400 644 555 684 cuncta
579 641 747 696 proelio
773 641 965 697 provisa:
989 641 1189 684 hostibus
1215 644 1365 684 contra
1384 641 1576 684 omnium
1595 642 1752 684 nesciis

121 711 167 744 10
193 715 282 744 non
313 715 444 755 arma,
474 715 563 743 non
594 700 711 755 ordo,
741 714 829 742 non
855 700 1094 755 consilium,
1127 701 1199 743 sed
1230 715 1434 755 pecorum
1464 700 1591 743 modo
1622 700 1752 756 trahi,

193 759 346 814 occidi,
390 759 495 813 capi.
555 758 748 801 infensus
788 758 913 801 miles
954 759 1163 801 memoria
1201 760 1399 801 laborum
1440 761 1483 801 et
1523 759 1751 802 adversum

192 817 405 860 eludentis
433 819 607 872 optatae
633 817 794 860 totiens
813 831 997 872 pugnae,
1023 832 1067 859 se
1088 817 1268 873 quisque
1286 817 1450 860 ultione
1475 820 1519 860 et
1543 818 1752 874 sanguine

193 876 437 931 explebant.
475 876 670 918 differtur
694 890 770 931 per
794 877 1050 931 manipulos,
1068 875 1386 919 Tacfarinatem
1413 890 1575 928 omnes,
1600 879 1750 919 notum

191 937 258 977 tot
295 935 489 990 proeliis,
530 937 850 977 consectentur:
890 949 978 977 non
1017 935 1104 977 nisi
1145 935 1250 977 duce
1289 934 1516 977 interfecto
1557 935 1750 990 requiem

121 1005 165 1038 15
191 993 295 1036 belli
331 994 436 1037 fore.
497 997 543 1035 at
578 994 653 1036 ille
691 993 863 1036 deiectis
896 994 1054 1036 circum
1087 993 1370 1048 stipatoribus
1401 994 1630 1049 vinctoque
1661 994 1751 1037 iam

190 1053 281 1095 filio
314 1055 356 1094 et
388 1052 533 1095 effusis
563 1053 750 1108 undique
782 1052 1009 1108 Romanis,
1046 1053 1207 1095 ruendo
1245 1052 1291 1094 in
1327 1053 1418 1095 tela
1455 1053 1752 1106 captivitatem

189 1111 307 1154 haud
339 1111 480 1153 inulta
511 1114 649 1154 morte
681 1111 833 1168 effugit
863 1111 987 1167 isque
1017 1111 1114 1153 finis
1148 1112 1278 1154 armis
1310 1112 1548 1165 impositus.

310 1169 563 1213 Dolabellae
606 1170 771 1225 petenti
814 1170 966 1212 abnuit
1007 1170 1285 1225 triumphalia
1326 1170 1543 1225 Tiberius,
1593 1169 1750 1213 Seiano

190 1230 400 1284 tribuens,
429 1244 483 1271 ne
509 1228 655 1271 Blaesi
686 1229 886 1272 avunculi
917 1229 1007 1271 eius
1038 1229 1134 1271 laus
1167 1230 1465 1272 obsolesceret.
1515 1228 1588 1271 sed
1613 1243 1753 1284 neque

192 1288 373 1330 Blaesus
398 1288 495 1330 ideo
521 1288 759 1342 inlustrior,
785 1291 828 1330 et
851 1288 952 1331 huic
976 1290 1157 1343 negatus
1183 1288 1320 1331 honor
1340 1288 1525 1344 gloriam
1543 1287 1751 1330 intendit:

191 1347 351 1403 quippe
382 1347 546 1390 minore
584 1347 771 1389 exercitu
801 1347 987 1402 insignis
1019 1347 1232 1402 captivos,
1271 1347 1442 1389 caedem
1473 1346 1594 1389 ducis
1627 1346 1752 1389 belli-

143 1416 165 1449 5
191 1421 274 1462 que
305 1405 489 1449 confecti
524 1406 688 1449 famam
726 1406 988 1460 deportarat.
1050 1407 1338 1461 sequebantur
1369 1408 1412 1448 et
1443 1404 1753 1450 Garamantum

193 1465 341 1520 legati,
370 1479 468 1507 raro
499 1465 546 1506 in
576 1465 681 1507 urbe
712 1465 807 1519 visi,
839 1479 945 1519 quos
972 1464 1246 1506 Tacfarinate
1273 1479 1397 1507 caeso
1422 1465 1619 1519 perculsa
1644 1478 1753 1520 gens

118 1553 123 1558 -
192 1526 236 1566 et
272 1524 425 1578 culpae
460 1523 606 1566 nescia
647 1523 701 1565 ad
733 1523 838 1565 satis
869 1523 1110 1565 faciendum
1141 1523 1302 1578 populo
1333 1523 1531 1565 Romano
1563 1523 1752 1565 miserat.

192 1582 375 1637 cognitis
414 1581 566 1624 dehinc
597 1581 832 1624 Ptolemaei
868 1596 945 1636 per
981 1581 1025 1623 id
1061 1582 1224 1623 bellum
1263 1582 1416 1623 studiis
1452 1581 1662 1637 repetitus
1701 1596 1754 1623 ex

191 1643 363 1683 vetusto
403 1655 521 1682 more
561 1641 700 1682 honos
741 1640 984 1695 missusque
1026 1654 1048 1681 e
1091 1640 1362 1682 senatoribus
1401 1640 1474 1695 qui
1515 1640 1751 1695 scipionem

122 1711 168 1744 10
194 1700 416 1754 eburnum,
441 1701 591 1754 togam
616 1691 789 1754 pictam,
816 1699 995 1754 antiqua
1019 1701 1194 1754 patrum
1219 1713 1412 1755 munera,
1443 1698 1565 1741 daret
1589 1712 1753 1754 regem-

193 1773 275 1814 que
308 1760 351 1800 et
383 1758 547 1800 socium
578 1760 707 1812 atque
740 1757 925 1800 amicum
957 1758 1207 1813 appellaret.
1402 1812 1405 1813 ⁷

311 1815 474 1859 Eadem
508 1818 673 1859 aestate
705 1819 823 1858 mota
847 1831 923 1871 per
947 1816 1121 1858 Italiam
1147 1816 1314 1858 servilis
1339 1815 1446 1858 belli
1471 1816 1635 1858 semina
1659 1816 1752 1858 fors

195 1876 421 1931 oppressit.
484 1877 633 1917 auctor
670 1875 884 1917 tumultus
915 1875 961 1918 T.
993 1873 1226 1929 Gurtisius,
1258 1874 1475 1930 quondam
1506 1874 1750 1929 praetoriae

194 1934 384 1977 cohortis
424 1934 567 1988 miles,
604 1934 744 1989 primo
782 1934 976 1976 coetibus
1015 1933 1294 1975 clandestinis
1332 1933 1445 1988 apud
1477 1933 1754 1975 Brundisium

194 1995 238 2035 et
269 1993 541 2035 circumiecta
572 1992 746 2048 oppida,
777 2007 877 2035 mox
906 1992 1061 2047 positis
1093 1992 1319 2048 propalam
1350 1992 1509 2034 libellis
1541 1992 1595 2034 ad
1625 1992 1755 2034 liber-

241 2129 305 2168 25.
343 2134 375 2166 5.
412 2132 522 2167 simul
552 2152 597 2158 —
629 2135 662 2167 et
700 2131 794 2166 statt
829 2132 939 2167 simul

193 2181 301 2224 atque
324 2178 395 2213 mit
418 2178 632 2224 folgendem
656 2177 881 2223 Nachsatze3
909 2191 936 2214 s.

193 2236 240 2260 zu
261 2230 295 2268 1,
313 2228 358 2260 65
377 2226 487 2261 simul
510 2226 608 2269 haec,
633 2229 666 2261 et
690 2237 771 2261 cum
796 2226 939 2261 delectis

193 2272 331 2309 scindit
354 2283 493 2318 agmen.

243 2323 276 2355 6.
302 2320 423 2355 adesse
447 2319 518 2354 mit
541 2319 583 2354 in
607 2318 683 2353 und
710 2318 793 2353 dem
819 2317 937 2354 Accu-

196 2366 306 2410 sativ,
330 2366 400 2402 wie
428 2364 501 2401 Cic.
527 2365 622 2401 Phil.
651 2368 684 2410 5,
705 2369 724 2400 7
751 2366 873 2401 adesse
896 2367 938 2401 in

194 2416 361 2450 senatum
385 2413 503 2448 iussit.
548 2412 597 2448 ad
622 2412 699 2448 Att.
723 2415 776 2456 15,
797 2416 830 2456 4,
852 2416 872 2447 2
898 2414 941 2448 in

198 2460 449 2542 Z'u-smsslannm
463 2470 569 2495 essem
581 2460 742 2504 futurus.
768 2459 835 2494 Bei
850 2459 940 2496 Tac.

195 2520 259 2544 απ.
287 2520 302 2543 ε
323 2520 354 2552 ρ.

243 2557 298 2590 12.
330 2557 474 2600 optatae
498 2554 628 2589 totiens
648 2564 798 2599 puynae
822 2554 942 2598 hangt

194 2602 293 2637 noch
318 2611 391 2637 von
415 2601 500 2636 dem
520 2599 848 2645 voraufgehenden
867 2611 938 2635 me·

197 2648 315 2683 moria
341 2648 388 2683 ab
414 2648 491 2683 und
517 2647 583 2682 der
609 2647 699 2682 Sinn
724 2647 791 2682 ist:
817 2650 850 2682 et
871 2658 940 2682 me-

196 2705 286 2740 mor,
311 2695 475 2740 quotiens
489 2705 656 2740 puynam
674 2694 848 2730 adversus
867 2695 941 2730 elu-

196 2742 318 2777 dentes
337 2745 501 2787 optasset.
546 2741 617 2776 Mit
643 2742 823 2777 eludentes
847 2740 941 2777 wird.

195 2788 427 2833 bezeichnet‚
473 2787 554 2824 dass
598 2787 658 2823 die
697 2787 835 2823 Feinde
879 2787 940 2823 die

196 2833 443 2871 Gewohnheit
484 2834 636 2878 hatten,
688 2835 769 2870 eine
820 2834 939 2870 offene

198 2880 376 2917 Schlacht
401 2894 445 2916 zu
469 2881 693 2917 vermeiden.

1059 2134 1113 2166 13.
1147 2131 1317 2175 differtur
1349 2131 1443 2166 statt
1474 2131 1698 2176 divulyatur,
1724 2141 1752 2165 s.

1010 2190 1055 2213 zu
1083 2181 1114 2222 1,
1134 2181 1167 2222 4,
1189 2181 1220 2214 8.

1058 2224 1120 2260 26.
1156 2229 1189 2260 2.
1224 2225 1387 2267 tribuens
1422 2235 1512 2269 „aus
1546 2223 1755 2259 Riicksicht

1010 2270 1112 2308 auf“.
1163 2272 1270 2307 Nach
1307 2276 1346 2315 3,
1374 2275 1418 2307 72
1454 2272 1539 2317 sagt
1571 2269 1755 2315 Tiberius,

1010 2319 1066 2354 als
1101 2329 1141 2353 er
1176 2319 1261 2354 dem
1295 2318 1429 2354 Blasus
1467 2318 1526 2353 die
1563 2316 1755 2363 Insignien

1009 2364 1187 2411 verleiht,
1222 2376 1262 2400 er
1296 2366 1387 2401 thue
1422 2365 1488 2401 das
1521 2365 1607 2400 dem
1640 2364 1754 2410 Sejan

1013 2425 1056 2447 zu
1081 2412 1216 2448 Ehren.

1060 2464 1092 2494 3.
1118 2460 1276 2495 intendit
1295 2459 1389 2494 statt
1406 2459 1526 2502 auxit,
1544 2457 1615 2494 wie
1636 2468 1692 2502 cp.
1705 2461 1753 2493 40

1011 2507 1227 2541 intendatur
1251 2509 1439 2542 certamen.
1482 2509 1537 2549 13,
1560 2507 1604 2540 15
1628 2504 1755 2540 odium

1011 2553 1170 2588 intendit
1194 2553 1270 2588 und
1295 2553 1402 2588 efter.

1061 2603 1091 2634 7.
1130 2601 1261 2635 nescia.
1300 2599 1389 2634 Also
1421 2598 1525 2634 hatte
1556 2597 1622 2632 das
1652 2596 1753 2633 Volk

1013 2646 1091 2681 sich
1127 2646 1198 2681 den
1236 2646 1470 2690 Streifzi’igen
1505 2644 1571 2680 des
1609 2643 1754 2690 Konigs

1012 2693 1119 2728 nicht
1142 2692 1438 2738 angeschlossen.

1062 2743 1116 2775 10.
1142 2731 1243 2774 Uber
1266 2740 1424 2776 eburnus
1455 2739 1548 2774 statt
1577 2737 1755 2774 ebwrneus

1013 2798 1040 2822 s.
1061 2798 1104 2822 zu
1129 2790 1162 2832 2,
1182 2790 1240 2822 83.

1059 2833 1123 2870 27.
1166 2837 1198 2869 4.
1237 2833 1370 2879 positis
1414 2832 1505 2867 statt
1542 2831 1756 2878 propositis,

1011 2880 1082 2916 wie
1109 2884 1140 2925 1,
1167 2884 1199 2917 7.
1251 2880 1362 2916 Sonat
1385 2878 1573 2926 nirgcnds.
