1786 3120
566 121 712 157 LIBER
735 121 835 157 XIII.
868 121 971 158 CAP.
998 124 1150 156 25—27.
1587 116 1644 160 97

76 243 208 286 grave
246 230 526 272 manumissis
570 244 648 286 per
683 229 798 272 idem
835 228 1092 284 obsequium
1132 227 1346 271 retinendi
1388 227 1647 283 libertatem,

75 303 154 344 per
198 288 312 345 quod
355 289 548 332 adsecuti
592 289 696 331 sint:
739 290 786 331 at
828 287 1058 330 criminum
1100 287 1356 330 manifestos
1394 286 1549 328 merito
1594 286 1647 329 ad
1674 295 1718 328 15

77 348 329 391 servitutem
366 349 548 404 retrahi,
589 350 638 390 ut
674 343 792 389 metu
828 348 1105 390 coerceantur
1142 362 1249 403 quos
1286 344 1497 389 beneficia
1534 359 1646 387 com-

75 408 375 450 mutavissent.

196 478 503 521 Disserebatur
522 479 692 520 contra:
716 492 953 532 paucorum
978 478 1151 533 culpam
1175 477 1283 533 ipsis
1306 476 1534 519 exitiosam
1554 490 1647 519 esse
1662 475 1716 517 27

77 536 243 593 debere,
274 537 384 580 nihil
409 537 709 580 universorum
739 537 823 579 iuri
854 537 1165 594 derogandum3
1197 537 1354 592 quippe
1385 537 1473 578 late
1503 535 1648 578 fusum

75 596 119 638 id
151 611 318 652 corpus.
373 596 475 639 hinc
505 596 756 652 plerumque
787 596 949 652 tribus,
987 597 1200 652 decurias,
1237 596 1481 638 ministeria
1511 595 1647 651 magi-

78 656 286 698 stratibus
320 657 363 697 et
394 655 708 710 sacerdotibus,
746 656 946 698 cohortes
978 656 1109 698 etiam
1145 657 1191 697 in
1222 655 1328 697 urbe
1361 655 1646 710 conscriptas3

76 717 120 757 et
156 715 354 770 plurimis
387 715 597 770 equitum,
634 715 850 771 plerisque
882 716 1155 758 senatoribus
1186 729 1276 757 non
1308 714 1482 757 aliunde
1520 713 1648 769 origi-
1673 722 1694 754 5

75 788 175 816 nem
200 773 329 816 trahi.
373 774 410 816 si
436 777 741 829 separarentur
765 774 970 830 libertini,
1000 775 1276 816 manifestam
1303 774 1397 815 fore
1421 773 1648 828 penuriam

72 833 371 889 ingenuorum.
419 848 510 875 non
552 833 714 876 frustra
757 833 961 889 maiores,
1005 848 1102 876 cum
1146 833 1403 889 dignitatem
1448 832 1647 875 ordinum

73 891 331 947 dividerent,
374 892 622 935 libertatem
665 893 711 934 in
756 893 974 935 communi
1017 893 1226 948 posuisse.
1289 892 1393 947 quin
1436 894 1479 934 et
1514 906 1647 933 manu

72 951 273 994 mittendi
311 952 416 994 duas
450 952 613 1007 specics
645 952 887 1007 institutas,
924 954 973 994 ut
1003 952 1319 1007 relinqueretur
1353 950 1646 1006 paenitentiae

73 1013 148 1053 aut
179 1025 292 1053 novo
324 1011 535 1053 beneficio
573 1011 706 1054 locus.
756 1026 863 1066 quos
894 1011 1086 1053 vindicta
1122 1013 1333 1066 patronus
1364 1025 1454 1053 non
1489 1010 1644 1052 libera-

72 1070 202 1125 verit,
239 1070 359 1113 velut
396 1070 537 1112 vinclo
577 1071 798 1113 servitutis
836 1070 1025 1113 attineri.
1080 1071 1310 1126 dispiceret
1347 1070 1527 1125 quisque
1561 1083 1646 1111 me-

72 1129 158 1171 rita
200 1129 405 1185 tardeque
442 1130 694 1172 concederet
737 1129 852 1186 quod
896 1130 1045 1172 datum
1087 1145 1178 1172 non
1216 1129 1486 1172 adimeretur.
1538 1128 1646 1171 haec

74 1189 290 1230 sententia
321 1189 469 1243 valuit,
501 1189 759 1245 scripsitque
791 1188 951 1232 Caesar
983 1190 1171 1245 senatui,
1202 1188 1408 1244 privatim
1440 1187 1645 1243 expende-

70 1249 167 1290 rent
198 1262 373 1290 causam
409 1248 686 1304 libertorum,
724 1248 923 1303 quotiens
956 1263 982 1290 a
1019 1249 1215 1303 patronis
1254 1249 1557 1304 arguerentur:
1598 1248 1644 1289 in

70 1320 296 1349 commune
332 1306 464 1349 nihil
487 1307 758 1363 derogarent.
818 1321 899 1350 nec
938 1308 1078 1350 multo
1122 1310 1224 1363 post
1267 1309 1439 1362 ereptus
1484 1306 1643 1349 amitae

68 1365 251 1408 libertus
290 1365 413 1408 Paris
458 1367 582 1422 quasi
625 1367 716 1409 iure
754 1366 889 1421 civili,
932 1382 1022 1410 non
1063 1368 1156 1410 sine
1199 1367 1382 1409 infamia
1424 1365 1645 1422 principis,

70 1425 192 1467 cuius
222 1425 344 1468 iussu
374 1428 667 1481 perpetratum
699 1426 985 1482 ingenuitatis
1015 1426 1222 1470 iudicium
1254 1428 1359 1468 erat.

891 1578 992 1614 iusta
1043 1578 1282 1614 manumissio
1337 1577 1525 1614 entweder
1576 1588 1646 1622 per

118 1580 172 1612 14.
189 1577 392 1620 retinendi.
430 1570 531 1613 Uber
555 1577 685 1613 diesen
710 1577 818 1623 ellip-

892 1636 1037 1662 censum
1069 1625 1296 1671 (Aufnahme
1327 1625 1367 1660 in
1397 1625 1458 1661 die
1483 1623 1642 1670 Bfirger-

68 1623 216 1659 tischen
260 1623 436 1670 Geneffiv,
486 1624 558 1660 den
603 1625 691 1661 Tac.
742 1627 820 1661 erst

67 1671 107 1761 ign
126 1670 204 1755 iig'?
228 1672 402 1708 Annalen
426 1672 635 1718 anwcndet,
666 1685 692 1708 s.
719 1671 816 1709 Einl.

114 1812 178 1850 27.
242 1818 275 1849 3.
340 1815 472 1861 corspus
538 1812 818 1859 ‚‚Volksklasse,

67 1859 228 1904 Stand“,
271 1861 311 1895 in
349 1861 415 1896 der
449 1860 566 1897 Prosa
598 1863 720 1898 zuei-st
755 1863 818 1899 bei

66 1907 147 1944 Liv.
172 1913 203 1953 1,
226 1912 269 1944 17
290 1908 351 1943 sui
373 1909 536 1953 corporis
559 1910 678 1945 creari
702 1921 818 1955 reqem

64 1955 250 1999 volebant,
301 1957 400 1991 dann
428 1955 553 1991 ‘often
598 1977 642 1981 —
686 1958 818 2001 tribus,

67 2002 235 2038 namlich
249 2002 310 2038 die
324 2002 403 2038 vier
416 2002 658 2048 stadtischem
674 2004 817 2040 welche

63 2049 103 2084 in
126 2050 362 2096 geringerem
375 2050 551 2086 Ansehen
570 2051 726 2086 standon
742 2051 818 2087 und

65 2108 110 2132 zu
135 2096 303 2133 welchen
328 2097 388 2133 die
411 2097 596 2134 Libertini
619 2098 814 2144 gehorten.

65 2164 110 2170 —
135 2144 253 2180 Unter
277 2145 446 2181 decuriae
471 2145 555 2180 sind
586 2145 646 2181 die
678 2145 717 2181 in
742 2146 815 2182 De-

64 2191 199 2227 kurien
220 2191 463 2248 eingeteilten
483 2193 637 2237 lictores,
662 2195 816 2239 scribae,

60 2240 816 2334 fflgffiffiffgssssfffflnffifeffi

66 2333 183 2369 durch
210 2334 416 2370 ministeria
433 2334 662 2381 bezeichnet,
689 2348 814 2372 waren

65 2380 172 2416 nicht
196 2381 235 2416 in
260 2381 450 2417 Dekurien
474 2382 686 2429 eingeteilt‚
716 2397 745 2419 Z.
771 2385 812 2421 Β.

65 2427 127 2510 ἱίοὶε
160 2429 303 2464 accensi
332 2429 399 2464 der
422 2430 591 2466 Konsuln
621 2431 697 2467 und
725 2432 814 2468 Pra-

106 2485 183 2511 ren.

112 2537 146 2569 4.
173 2533 242 2571 Die
270 2535 397 2570 sieben
416 2535 607 2572 Kohorten
632 2537 698 2572 der
723 2538 814 2584 εἰρί-

65 2581 333 2664 Ileignllfildeten
376 2582 435 2618 die
479 2583 733 2621 Brandwache
776 2584 816 2621 in

114 2692 146 2724 8.
167 2689 367 2725 libertatem
386 2690 428 2724 in
447 2692 629 2726 communi
641 2692 705 2728 ctt.
726 2692 762 2726 d.
777 2693 813 2727 h.

65 2734 133 2770 auf
153 2736 214 2772 die
238 2737 472 2782 bfirgerliche
492 2737 658 2773 Freiheit
682 2739 814 2774 hatten

66 2782 126 2818 die
146 2782 566 2820 Standesunterschiede
587 2785 652 2821 der
671 2786 815 2832 Bfirger

64 2829 198 2867 keinen
223 2831 389 2868 Einfluss.

113 2891 145 2925 9.
179 2891 273 2926 duas
302 2891 453 2936 species,
482 2891 648 2927 n'amlich
682 2892 715 2936 1)
753 2891 812 2928 die

138 2957 209 2983 Tac.
230 2957 340 2984 Annal.
360 2958 404 2983 11.
628 2956 635 2965 '

889 1672 977 1709 liste
991 1673 1056 1709 des
1071 1673 1240 1717 Censors)
1257 1673 1346 1709 oder
1358 1684 1429 1718 per
1440 1673 1644 1708 vindictam

891 1720 1097 1766 (feicrliche
1116 1720 1416 1766 Freisprechung
1433 1719 1551 1755 durch
1571 1719 1643 1755 den

890 1768 1051 1813 Konsul,
1094 1768 1228 1804 Pr'ator
1270 1769 1361 1804 oder
1401 1765 1641 1811 Statthalter)

891 1815 982 1851 oder
1000 1827 1071 1862 per
1094 1819 1355 1852 testamentum.
1389 1814 1487 1859 Alle,
1513 1813 1574 1849 die
1600 1825 1642 1849 so

890 1862 1135 1908 freigelassen
1170 1873 1314 1907 waren,
1358 1862 1542 1898 erhielten
1579 1861 1642 1895 da-

891 1909 1008 1945 durch
1029 1910 1095 1946 das
1115 1910 1374 1955 Biirgerrecht.
1401 1911 1437 1954 2)
1457 1908 1526 1944 Die
1540 1908 1567 1943 F
1570 1908 1641 1944 rei-

891 1957 1103 2002 sprechung
1139 1968 1210 2002 per
1252 1958 1440 2002 epistolam
1478 1955 1641 2000 (schrift-

889 2004 967 2040 lich
986 2005 1058 2040 mit
1077 2004 1328 2040 Unter-schrift
1345 2015 1419 2040 von
1440 2007 1461 2039 5
1475 2003 1639 2049 Zeugen)

890 2052 980 2086 oder
1022 2053 1119 2087 inter
1162 2052 1296 2087 amicos
1346 2051 1555 2097 (msindlich
1600 2050 1640 2085 in

889 2098 1114 2145 Gegenwart
1132 2110 1205 2135 von
1223 2102 1244 2135 5
1258 2099 1422 2144 Zeugen)
1442 2099 1532 2134 oder
1551 2098 1639 2134 end-

888 2146 965 2182 lich
980 2158 1048 2192 per
1061 2148 1279 2190 convivium,
1298 2158 1407 2182 wenn
1421 2146 1487 2182 der
1501 2145 1640 2182 Sklave

887 2205 975 2230 vom
995 2194 1116 2230 Herrn
1135 2207 1180 2230 zu
1199 2194 1322 2230 einem
1348 2194 1548 2230 besonders
1574 2192 1638 2229 da-

888 2254 932 2277 zu
957 2242 1255 2278 veranstalteten
1280 2241 1502 2277 Gastmahle
1530 2251 1639 2286 zuge-

886 2300 1005 2334 zogen
1029 2290 1143 2326 ward.
1188 2289 1273 2325 Alle
1299 2301 1341 2325 so
1367 2288 1557 2324 Befreiten
1581 2298 1638 2323 er-

886 2336 1029 2373 hielten
1042 2337 1148 2372 nicht
1161 2337 1227 2372 das
1242 2336 1506 2383 Bfirgerrecht‚
1519 2336 1637 2370 konn-

885 2384 950 2420 ten
980 2384 1070 2420 kein
1096 2385 1315 2420 Testament
1348 2384 1533 2419 errichten
1560 2382 1638 2418 und

887 2432 998 2467 keine
1022 2432 1225 2467 Erbschaft
1249 2433 1433 2467 antreten.

938 2500 992 2532 15.
1020 2498 1154 2532 amitae
1177 2497 1200 2532 i.
1229 2507 1259 2531 e.
1286 2496 1485 2532 Domitiae.

938 2565 994 2597 16.
1019 2562 1094 2597 Der
1125 2561 1360 2596 Pantomime
1391 2561 1498 2595 Paris
1528 2560 1636 2596 hatte

889 2609 956 2644 der
983 2608 1149 2645 Domitia
1182 2612 1225 2643 10
1242 2612 1312 2643 000
1346 2608 1541 2643 Sesterzen
1576 2607 1637 2642 ffir

888 2657 990 2692 seine
1020 2656 1263 2701 Freilassung
1293 2654 1480 2701 gegeben,
1518 2656 1636 2690 setzte

887 2704 976 2739 aber
1014 2703 1110 2749 jetzt
1153 2702 1213 2738 die
1258 2703 1464 2748 Rfickgabe
1513 2700 1635 2737 dieser

887 2750 1038 2786 Summe
1072 2750 1206 2795 durch,
1243 2750 1328 2785 weil
1359 2761 1399 2784 er
1435 2748 1634 2794 angeblich

885 2797 976 2833 kein
1002 2798 1156 2843 Sklave,
1183 2797 1342 2833 sondern
1367 2798 1428 2832 ein
1453 2798 1634 2842 inyemms

885 2845 1017 2889 (daher
1055 2846 1296 2891 inqenuitatis
1333 2845 1527 2888 iudicium)
1570 2855 1634 2890 ge·

884 2903 1006 2928 wesen
1033 2894 1096 2929 sei.

1329 2967 1337 2987 6

1674 1019 1716 1052 10

1673 1314 1714 1347 15
