1794 3094
591 103 740 140 LIBER
761 103 807 140 Π.
852 104 956 140 ΟΔΡ.
978 107 1130 140 12-14.

1565 103 1651 147 103

82 219 283 270 ruptores
314 214 434 270 pacis
465 212 624 255 ultioni
657 214 700 254 et
731 211 896 268 gloriae
927 211 1192 254 mactandos.
1254 211 1367 253 inter
1398 225 1507 265 quae
1537 226 1648 254 unus

82 274 296 330 hostium,
339 272 521 315 Latinae
561 271 739 327 linguae·
780 271 938 325 sciens,
982 273 1078 314 acto
1121 271 1175 312 ad
1206 269 1370 312 vallum
1403 284 1512 325 equo
1544 284 1648 312 voce

84 347 243 390 magna
274 333 478 387 coniuges
506 332 550 373 et
574 344 705 387 agros
732 332 775 372 et
800 330 1003 385 stipendii
1033 330 1080 371 in
1105 329 1208 385 dies,
1235 329 1371 371 donec
1401 329 1649 386 bellaretur,

84 392 304 435 sestertios
354 393 578 444 centenos,
630 389 667 431 si
717 389 812 444 quis
864 388 1196 445 transfugisset,
1240 388 1428 431 Arminii
1470 388 1647 431 nomine
1663 400 1711 432 10

82 451 323 507 pollicetur.
378 449 571 492 incendit
596 463 647 491 ea
672 448 934 491 contumelia
959 448 1180 504 legionum
1210 447 1317 504 iras,
1346 447 1515 490 veniret
1546 448 1650 500 dies,

43 554 46 556 ,
82 510 257 552 daretur
285 523 448 565 pugna,
487 510 761 564 sumpturum
791 507 976 550 militem
1007 506 1322 549 Germanorum
1360 521 1508 563 agros,
1538 509 1651 550 trac-

81 571 228 611 turum
272 568 492 625 coniuges:
537 567 728 622 accipere
773 581 900 610 omen
945 569 988 609 et
1027 566 1308 609 matrimonia
1349 580 1398 608 ac
1442 566 1648 621 pecunias

81 628 272 671 hostium
309 627 494 682 praedae
535 626 762 669 destinare.

834 626 967 668 tertia
1009 626 1144 668 ferme
1186 626 1338 682 vigilia
1381 624 1647 667 adsultatum

81 690 149 730 est
174 687 328 730 castris
356 687 448 729 sine
473 686 671 728 coniectu
696 686 785 741 teli,
810 687 1040 740 postquam
1066 685 1238 728 crebras
1264 699 1343 740 pro
1369 684 1647 727 munimentis
1665 695 1708 728 15

80 746 281 789 cohortes
313 749 356 787 et
385 745 495 788 nihil
519 745 747 787 remissum
779 759 963 787 sensere.

198 804 299 848 Nox
331 805 479 847 eadem
515 804 677 846 laetam
713 802 972 846 Germanico
1005 804 1193 859 quietem
1224 803 1345 858 tulit,
1379 802 1569 858 viditque
1602 817 1648 845 se
1666 805 1722 847 14

80 868 306 919 operatum
350 867 393 906 et
436 863 645 920 sanguine
690 863 800 905 sacri
849 877 1044 918 respersa
1089 864 1314 918 praetexta
1360 862 1648 917 pulchriorem

83 924 214 966 aliam
240 924 439 966 manibus
466 924 588 965 aviae
614 920 842 978 Augustae
875 922 1104 978 accepisse.
1160 924 1313 964 auctus
1340 922 1498 976 omine,
1529 921 1646 964 addi-

81 983 277 1026 centibus
310 983 529 1038 auspiciis,
559 984 687 1024 vocat
717 981 962 1024 contionem
988 984 1032 1023 et
1062 995 1170 1037 quae
1203 981 1419 1036 sapientia
1450 981 1648 1036 praevisa

79 1045 266 1097 aptaque
303 1042 534 1084 inminenti
570 1054 743 1096 pugnae
786 1041 971 1083 disserit.
1007 1055 1097 1082 non
1135 1054 1311 1095 campos
1349 1039 1478 1082 modo
1516 1040 1682 1083 militis

79 1100 278 1143 Romano
311 1101 363 1142 ad
389 1101 602 1156 proelium
627 1101 778 1155 bonos,
804 1099 878 1142 sed
903 1100 941 1142 si
966 1099 1079 1142 ratio
1107 1099 1231 1154 adsit,
1263 1099 1396 1142 silvas
1422 1101 1466 1141 et
1490 1099 1647 1156 saltus;

79 1175 158 1203 nec
203 1160 319 1202 enim
361 1160 558 1201 inmensa
599 1159 888 1202 barbarorum
927 1161 1068 1214 scuta,
1112 1158 1301 1201 enormis
1344 1158 1494 1200 hastas
1533 1159 1648 1201 inter

79 1222 255 1261 truncos
288 1219 492 1261 arborum
518 1221 561 1260 et
592 1220 719 1260 enata
750 1218 883 1261 humo
904 1218 1095 1274 virgulta
1126 1217 1304 1273 perinde
1336 1217 1487 1260 haberi
1518 1232 1647 1273 quam

77 1278 169 1333 pila
201 1280 244 1320 et
275 1277 447 1334 gladios
479 1280 523 1320 et
554 1277 780 1320 haerentia
805 1278 977 1332 corpori
1000 1277 1205 1333 tegmina.
1263 1277 1491 1319 denserent
1521 1277 1644 1333 ictus,

79 1352 156 1380 ora
179 1338 458 1380 mucronibus
483 1339 748 1392 quaererent.
784 1351 871 1378 non
896 1336 1078 1378 loricam
1104 1335 1333 1390 Germano,
1352 1350 1442 1378 non
1462 1336 1646 1392 galeam,
1662 1348 1706 1380 10

76 1411 131 1439 ne
163 1398 284 1439 scuta
321 1396 493 1451 quidem
530 1396 644 1438 ferro
683 1410 870 1438 nervove
907 1395 1099 1450 firmata,
1144 1395 1218 1437 sed
1249 1395 1462 1438 viminum
1498 1397 1645 1438 textus

76 1456 145 1497 vel
174 1455 319 1497 tenuis
353 1457 396 1497 et
425 1455 594 1497 fucatas
627 1456 768 1497 colore
800 1455 994 1510 tabulas3
1031 1455 1216 1510 primam
1248 1457 1480 1510 utcumque
1513 1455 1648 1497 aciem

76 1513 306 1569 hastatam‚
337 1514 490 1557 ceteris
521 1516 726 1570 praeusta
752 1517 828 1556 aut
859 1514 1008 1556 brevia
1037 1514 1138 1557 tela.
1182 1514 1271 1555 iam
1296 1528 1450 1569 corpus
1476 1516 1526 1556 ut
1550 1514 1646 1557 visu

75 1575 248 1616 torvum
286 1575 329 1615 et
366 1574 420 1615 ad
460 1574 635 1615 brevem
674 1574 885 1628 impetum
922 1573 1131 1628 validum,
1169 1573 1230 1615 sic
1268 1573 1389 1615 nulla
1420 1573 1646 1616 vulnerum

74 1633 299 1688 patientia.
357 1633 450 1675 sine
480 1633 643 1688 pudore
674 1632 844 1688 flagitii,
871 1633 964 1675 sine
996 1647 1099 1676 cura
1131 1632 1285 1675 ducum
1319 1632 1449 1688 abire,
1482 1632 1645 1690 fugere,
1661 1643 1704 1676 15

77 1692 258 1747 pavidos
291 1692 500 1747 adversis,
531 1692 646 1734 inter
678 1692 865 1734 secunda
895 1707 984 1734 non
1016 1691 1171 1747 divini,
1208 1706 1296 1734 non
1326 1691 1508 1734 humani
1539 1692 1646 1735 iuris

123 1847 156 1879 7.
189 1847 333 1888 ruptor,
358 1843 455 1878 auch
474 1843 560 1878 hist.
576 1847 609 1888 4,
631 1846 688 1887 57,
707 1843 824 1878 findet

75 1890 156 1926 sich
181 1891 304 1926 zuerst
327 1890 389 1925 bei
412 1889 551 1926 Livius.

126 1941 181 1972 13.
225 1938 463 1972 matrimonia
499 1938 550 1972 ist
580 1936 823 1972 Abstractum

75 1994 144 2030 pro
188 1985 378 2028 concreto,
418 1995 483 2019 zur
524 1983 823 2030 Abwechselung

75 2031 146 2066 mit
170 2032 356 2077 coniuges,
388 2031 548 2066 welches
571 2031 663 2066 kurz
688 2031 824 2067 vorher

76 2079 166 2114 zwei
191 2077 270 2113 Mal
295 2078 406 2114 steht.
443 2078 590 2114 Ebenso
616 2078 669 2113 im
694 2078 822 2114 silber-

74 2137 148 2161 nen
183 2125 316 2161 Latein
359 2125 436 2160 und
474 2125 667 2162 vielleicht
709 2126 826 2161 sehon

78 2172 156 2208 Liv.
185 2176 241 2217 10,
267 2176 324 2218 23,
352 2176 383 2208 6.

126 2224 182 2256 15.
202 2231 276 2265 pro
307 2230 445 2264 „vorne
471 2220 575 2265 auf“‚
608 2220 680 2256 wie
706 2231 761 2266 cp.
789 2225 822 2256 9.

76 2270 134 2303 81.
162 2271 218 2312 12,
244 2271 289 2303 33
315 2267 392 2302 und.
417 2266 525 2303 oster.

124 2313 189 2350 14.
221 2319 254 2351 2.
287 2318 476 2360 operatum
510 2315 560 2350 ist
584 2315 823 2351 aoristisches

75 2360 239 2407 Partizip
258 2362 475 2407 „opfernd“‚
488 2362 528 2397 in
542 2362 609 2397 der
623 2361 823 2408 speziellen

74 2408 296 2455 Bedeutung
320 2420 393 2445 von
426 2406 547 2455 ῥέζειν
577 2409 655 2444 und
687 2407 823 2455 ἔρδειν.

77 2455 126 2491 So
152 2458 276 2492 zuerst
300 2456 363 2491 bei
382 2457 574 2502 Dichtern,
601 2457 701 2492 dann
727 2457 824 2493 auch

74 2502 138 2539 bei
150 2503 288 2539 Livius.
313 2504 355 2538 In
374 2504 551 2540 auderem
571 2504 683 2540 Sinne
705 2504 824 2549 (‚‚sich

75 2550 400 2597 beschaftigend‘&
421 2551 522 2586 steht
538 2563 576 2587 es
591 2556 625 2597 3,
636 2555 682 2587 34
702 2552 824 2587 subole

77 2597 288 2633 liberalibus
312 2599 447 2634 studiis
464 2599 519 2634 ibi
537 2603 697 2644 operata.
736 2599 821 2634 hist.

78 2647 112 2689 5,
124 2648 171 2680 20
183 2645 333 2681 militem
351 2646 543 2682 caedendis
560 2647 723 2683 materiis
742 2657 822 2692 ope-

76 2695 211 2728 ratum.

124 2743 158 2776 3.
202 2740 330 2785 augeri
359 2750 433 2775 von
462 2739 649 2776 Personen
680 2741 824 2786 gesagt,

77 2785 296 2822 bezeichnet
347 2786 408 2822 bei
449 2786 601 2823 Tacitus
645 2788 825 2823 zuweilen

79 2831 140 2868 die
165 2832 389 2887 Steigerung
414 2834 479 2870 des
504 2835 638 2881 Mutes,
665 2834 730 2870 des
749 2835 823 2870 An-

80 2879 224 2925 sehens,
250 2881 316 2917 der
342 2880 562 2917 Sicherheit.

943 1847 977 1878 4.
1016 1843 1200 1887 praevisa.
1245 1842 1556 1888 Vorausgesehen
1579 1844 1649 1880 hat

896 1901 936 1925 er
995 1889 1055 1924 die
1111 1888 1284 1925 Chancen
1337 1890 1528 1935 (gfinstige
1569 1891 1647 1926 und

895 1936 1140 1982 ungiinstige)
1195 1937 1260 1972 des
1321 1936 1645 1974 bevorstehenden

894 1984 1087 2029 Kampfes.

945 2035 975 2066 7.
1003 2031 1111 2066 Nach
1137 2030 1258 2067 Germ.
1285 2034 1306 2066 6
1332 2042 1459 2067 waren
1478 2031 1645 2068 Schwer-

895 2079 954 2113 ter
972 2078 1092 2113 selten
1110 2078 1172 2114 bei
1192 2078 1265 2113 den
1284 2078 1503 2114 Germanen.
1544 2078 1646 2115 Aber

897 2126 950 2160 im
968 2125 1236 2170 Widerspruch
1261 2126 1331 2161 mit
1354 2137 1506 2161 unserer
1526 2126 1644 2163 Stelle

896 2171 1013 2208 heisst
1043 2184 1082 2209 es
1114 2173 1217 2217 dort,
1248 2172 1330 2209 dass
1366 2172 1419 2208 sie
1451 2174 1547 2210 stat-t
1579 2174 1645 2210 der

895 2219 1035 2266 langen
1047 2220 1169 2256 Lanze
1184 2220 1325 2256 leichte
1337 2219 1478 2266 Spiel'se
1497 2221 1644 2258 ft'ihren.

895 2271 938 2303 ut
969 2268 1087 2304 eodem
1121 2269 1206 2312 telo,
1235 2271 1351 2313 prout
1381 2269 1479 2304 ratio
1510 2270 1643 2314 poscit,

895 2315 949 2351 vel
983 2316 1185 2351 comminus
1214 2316 1270 2351 vel
1301 2316 1443 2351 eminus
1462 2320 1642 2363 puynent.

894 2362 997 2398 Dazu
1040 2362 1140 2408 passt
1182 2365 1257 2398 erst
1305 2363 1357 2398 im
1400 2362 1643 2409 Folgenden:

896 2410 1021 2445 brevia
1044 2411 1126 2446 tela.

944 2461 976 2494 9.
1027 2458 1173 2493 densere
1197 2468 1267 2492 nm·
1290 2457 1371 2492 hier
1396 2455 1459 2495 bei
1478 2457 1645 2502 Tacitus,

896 2503 1106 2540 ausserdem
1126 2505 1187 2540 bei
1204 2504 1438 2539 klassischen
1451 2503 1645 2549 montem,

896 2550 1037 2587 Sallust
1061 2552 1138 2587 und
1162 2552 1247 2587 dem
1274 2552 1418 2587 alteren
1443 2550 1596 2587 Plinius.

946 2602 1000 2634 12.
1056 2602 1247 2644 utcumque
1285 2615 1330 2628 ===
1363 2597 1645 2644 qualiscumque

896 2646 1008 2690 esset,
1046 2646 1125 2681 also
1163 2645 1386 2689 adverbiell,
1420 2645 1491 2680 wie
1524 2647 1647 2682 zuerst

896 2692 959 2728 bei
998 2692 1095 2728 Ovid
1131 2693 1208 2728 und
1245 2691 1326 2728 Liv.
1363 2696 1426 2736 29,
1463 2695 1507 2728 15
1551 2705 1645 2739 quae

897 2740 1021 2775 dubiis
1051 2741 1094 2775 in
1130 2741 1237 2776 rebus
1266 2743 1460 2785 utcumque
1489 2741 1644 2777 tolerata

897 2791 1019 2823 essent.
1072 2787 1120 2822 So
1147 2786 1244 2823 &fter
1268 2786 1329 2822 bei
1355 2786 1521 2832 Tacitus,
1546 2788 1643 2824 auch

895 2834 959 2870 bei
985 2833 1205 2877 Quintilian.

947 2885 1002 2917 16.
1053 2882 1230 2926 adversis,
1270 2881 1332 2917 ein
1362 2881 1645 2919 unklassischer
