1760 3120
574 104 719 142 LIBER
742 106 769 141 Ῐ.
820 104 924 141 CAP.
947 108 1096 141 13-14,

1560 103 1615 146 51

59 217 286 272 strinxere,
328 214 534 258 Haterius
574 229 670 257 eum
708 213 887 256 dixisset
925 212 1162 268 ‘quousque
1206 212 1403 268 patieris,
1447 210 1618 267 Caesar,

57 291 146 320 non
177 276 324 318 adesse
355 277 485 330 caput
515 273 579 315 rei
608 271 873 329 publicae‘R',
911 271 1097 314 Scaurus
1136 272 1238 327 quia
1275 271 1460 325 dixerat,
1497 285 1618 326 spem

58 350 151 378 esse
182 350 234 378 ex
265 349 315 377 eo
346 348 432 376 non
457 333 609 375 inritas
633 332 727 375 fore
754 334 929 374 senatus
954 345 1114 386 preces,
1145 330 1258 386 quod
1283 329 1487 373 relationi
1518 344 1617 372 con·
1645 340 1688 372 15

58 395 199 438 sulum
230 394 322 436 iure
352 392 608 435 tribuniciae
638 391 870 447 potestatis
900 405 989 433 non
1026 390 1353 433 intercessisset.
1413 389 1457 431 in
1488 388 1618 431 Hate-

56 455 167 496 rium
187 453 336 495 statim
354 452 549 494 invectus
570 453 651 506 est3
672 449 891 505 Scaurum,
916 450 984 492 cui
1007 449 1312 504 inplacabilius
1337 448 1616 504 irascebatur,

58 512 228 556 silentio
267 511 469 554 tramisit.
528 510 753 565 fessusque
794 509 982 552 clamore
1023 509 1233 563 omnium,
1273 508 1617 563 expostulatione

57 571 326 628 singulorum
356 570 478 613 flexit
512 569 741 626 paulatim,
778 583 868 611 non
898 571 946 610 ut
976 568 1183 611 fateretur
1216 568 1376 623 suscipi
1407 582 1433 609 a
1464 581 1509 609 se
1540 567 1616 609 im—

55 632 237 688 perium,
269 630 343 673 sed
374 631 424 671 ut
453 642 612 684 negare
644 630 689 670 et
717 628 865 684 rogari
895 627 1121 670 desineret.
1176 629 1348 670 constat
1376 626 1617 680 Haterium,

57 705 154 733 cum
174 688 429 745 deprecandi
449 703 579 731 causa
597 687 816 730 Palatium
835 687 1060 730 introisset
1086 687 1434 742 ambulantisque
1455 685 1618 728 Tiberii

57 764 199 807 genua
232 748 544 801 advolveretur,
575 761 708 803 prope
738 761 764 788 a
794 746 1006 789 militibus
1038 746 1330 802 interfectum,
1361 746 1462 801 quia
1493 744 1619 787 Tibe-

55 810 144 851 rius
177 823 279 851 casu
310 822 366 850 an
397 807 599 849 manibus
632 807 723 848 eius
754 806 970 861 inpeditus
1002 805 1256 861 prociderat.
1304 819 1442 860 neque
1472 807 1618 847 tamen

54 868 242 924 periculo
285 867 387 910 talis
428 866 511 908 viri
554 865 780 922 mitigatus
824 868 910 919 est,
952 865 1087 907 donec
1126 863 1332 907 Haterius
1372 864 1617 921 Augustam

57 931 201 970 oraret
232 927 405 982 eiusque
438 924 720 968 curatissimis
752 925 952 980 precibus
982 926 1291 980 protegeretur.

173 986 312 1029 Multa
348 987 522 1041 patrum
560 987 603 1026 et
638 984 685 1026 in
721 983 966 1040 Augustam
1004 983 1209 1026 adulatio.

1271 983 1344 1025 alii
1380 985 1616 1038 parentem,

55 1045 131 1088 alii
161 1048 342 1087 matrem
373 1044 540 1100 patriae
572 1043 887 1098 appellandam,
918 1043 1110 1099 plerique
1141 1046 1190 1084 ut
1220 1042 1386 1084 nomini
1418 1040 1615 1085 Caesaris

56 1105 372 1148 adscriberetur
397 1102 550 1145 ‘Iuliae
573 1101 707 1144 filius'
732 1102 976 1145 censebant.
1030 1102 1102 1144 ille
1129 1101 1412 1144 moderandos
1437 1101 1617 1144 femina-

54 1179 152 1207 rum
182 1164 368 1206 honores
402 1162 606 1205 dictitans
639 1161 869 1217 eademque
901 1176 945 1203 se
975 1161 1266 1216 temperantia
1290 1175 1467 1203 usurum
1492 1161 1538 1202 in
1561 1161 1615 1203 iis

56 1237 162 1278 quae
207 1223 292 1265 sibi
335 1222 644 1276 tribuerentur,
688 1223 875 1264 ceterum
919 1221 1070 1262 anxius
1115 1220 1277 1263 invidia
1320 1223 1364 1262 et
1408 1220 1615 1262 muliebre

54 1282 279 1339 fastigium
316 1281 361 1323 in
397 1280 733 1323 deminutionem
772 1281 838 1322 sui
876 1279 1087 1334 accipiens
1124 1294 1178 1321 ne
1215 1279 1410 1322 lictorem
1442 1279 1616 1334 quidem

56 1342 95 1384 ei
126 1341 295 1385 decerni
324 1355 476 1396 passus
510 1343 575 1382 est
607 1353 809 1394 aramque
841 1339 1088 1394 adoptionis
1114 1341 1157 1381 et
1183 1339 1268 1381 alia
1291 1338 1468 1381 huiusce
1498 1338 1616 1381 modi

54 1401 288 1456 prohibuit.
339 1402 384 1442 at
402 1398 660 1442 Germanico
682 1397 858 1441 Caesari
876 1398 1183 1453 proconsulare
1201 1398 1430 1453 imperium
1448 1398 1615 1453 petivit,

54 1460 261 1516 missique
297 1459 432 1515 legati
471 1459 543 1514 qui
584 1457 816 1513 deferrent,
855 1458 985 1500 simul
1023 1457 1288 1500 maestitiam
1327 1458 1418 1499 eius
1457 1457 1512 1500 ob
1545 1472 1614 1499 ex—

54 1522 226 1562 cessum
241 1518 431 1574 Augusti
450 1518 703 1560 solarentur.
747 1531 831 1573 quo
851 1517 992 1559 minus
1017 1517 1132 1559 idem
1155 1531 1236 1573 pro
1254 1516 1397 1559 Druso
1423 1517 1615 1572 postula-

53 1581 183 1634 retur,
209 1593 260 1621 ea
284 1592 414 1621 causa
441 1577 555 1633 quod
575 1577 825 1632 designatus
846 1577 996 1619 consul
1016 1575 1181 1619 Drusus
1201 1590 1489 1632 praesensque
1510 1579 1614 1619 erat.

54 1705 200 1742 dichter
212 1705 289 1742 und
301 1705 460 1750 Redner,
480 1716 551 1741 von
565 1704 795 1751 anriichigen

54 1753 191 1799 Sitten,
225 1754 344 1790 totete
379 1753 459 1789 sich
490 1756 536 1788 34
561 1765 595 1787 n.
624 1751 708 1788 Chr.
759 1751 794 1788 S.

53 1805 92 1846 e,
118 1805 175 1837 29.

104 1851 158 1884 18.
184 1849 328 1884 silentio
346 1848 557 1891 tramittere,
581 1847 678 1883 auch
696 1846 795 1882 blol's

54 1897 251 1932 tramittere
275 1896 386 1940 (statt
409 1894 557 1930 silentio
576 1893 794 1940 praeterire)

55 1944 132 1979 erst
154 1943 206 1977 im
232 1942 418 1978 silbernen
442 1941 587 1977 Latein.

102 1993 159 2025 20.
191 1990 318 2034 royari
347 1989 453 2033 „sich
482 1988 603 2024 bitten
634 1988 794 2025 lassen“.

55 2036 128 2073 Cic.
149 2048 217 2082 pro
235 2036 328 2072 Mur.
349 2040 379 2079 §—
402 2040 446 2072 63
466 2036 622 2072 exorant.
649 2035 697 2071 ad
716 2034 794 2071 Att.

57 2088 112 2129 14,
134 2087 190 2128 13,
208 2087 231 2119 4
257 2085 372 2130 leqari
397 2083 501 2128 „sich
527 2094 609 2118 zum
628 2082 796 2128 Legaten

53 2131 210 2168 macheu
234 2132 393 2167 lassen“.

102 2183 157 2215 22.
190 2170 292 2214 Uber
321 2190 442 2226 yenua
472 2178 618 2214 advolvi
643 2189 670 2214 ε.
696 2175 793 2213 Einl.

53 2230 84 2270 §-
103 2230 161 2271 25,
181 2238 211 2262 c.
251 2226 373 2262 Schon
397 2225 459 2261 bei
483 2224 633 2261 Sallust.

102 2278 158 2311 23.
185 2286 236 2310 an
260 2274 357 2310 ohne
381 2272 700 2318 voraufgehendes
725 2272 794 2307 dw-

57 2322 157 2358 bium
181 2321 272 2357 oder
295 2322 472 2357 incertum
490 2321 637 2356 kommt
656 2323 732 2355 erst
756 2319 795 2354 in

55 2369 127 2405 den
169 2368 358 2414 grosseren
394 2367 558 2404 Werken
594 2379 681 2412 vor,
724 2366 795 2402 wie

55 2427 111 2461 ep.
145 2419 189 2453 65
214 2420 309 2451 metu
339 2427 390 2451 an
419 2416 649 2452 contumacia
680 2415 796 2450 locum

53 2464 245 2500 deseruere.
272 2467 305 2506 2,
325 2467 381 2498 42.
415 2462 540 2498 Selten
566 2462 628 2498 bei
656 2461 795 2506 Cicero,

53 2511 123 2547 wie
142 2512 188 2547 de
206 2511 268 2546 fin.
288 2514 322 2554 2,
341 2514 398 2546 32.
425 2511 525 2545 Brut.
546 2513 600 2544 23.
628 2510 686 2545 ad.
706 2509 794 2544 fam.

55 2562 88 2604 ¹1,
108 2562 142 2602 9,
162 2562 182 2593 2
204 2558 269 2594 Gn.
292 2558 464 2594 Octavius
483 2561 533 2593 est
551 2568 602 2592 an
622 2556 687 2592 On.
709 2555 795 2592 Gor-

53 2606 172 2642 nelius
195 2606 355 2651 quidam.

101 2655 158 2689 25.
201 2656 352 2689 curatus
389 2651 636 2698 „sorgfaltig,
683 2662 794 2696 ange-

53 2698 287 2746 legentlich“
323 2711 394 2735 nur
428 2699 491 2735 bei
529 2698 680 2734 Tacitus
717 2698 793 2734 und

0 2746 13 2793 ζ,ν
55 2746 139 2782 dem
160 2747 343 2793 jfingeren
367 2746 519 2783 Plinius.

3 2791 12 2805 “’
102 2793 165 2830 14.
208 2798 241 2830 2.
284 2793 411 2840 Gegen
455 2794 521 2829 das
558 2792 690 2829 Gesetz
729 2793 794 2828 der

56 2840 297 2878 Kominnitat
319 2842 371 2878 ist
390 2842 455 2877 der
474 2841 577 2876 Infin.
597 2839 794 2886 gerundivi

0 2911 3 2924 2
57 2888 128 2924 mit
150 2888 363 2935 folgendem
388 2892 430 2924 ut
452 2887 692 2932 koordiniert,
717 2898 793 2923 was

867 1705 943 1740 erst
963 1704 1004 1740 in
1024 1704 1096 1740 den
1109 1703 1280 1740 Annalen
1293 1704 1521 1747 vorkommt3
1542 1715 1614 1741 von

867 1763 1006 1788 censere
1024 1752 1217 1798 abbangig
1236 1756 1270 1796 3,
1291 1755 1346 1787 17.
1372 1755 1405 1796 4,
1424 1756 1481 1788 20.
1507 1751 1613 1788 Auch

867 1800 938 1834 mit
966 1799 1182 1844 folgendem
1213 1811 1286 1835 neu
1317 1803 1357 1844 3,
1384 1803 1439 1835 63.
1490 1799 1614 1835 Schon

867 1847 929 1882 bei
953 1846 1092 1884 Livius.
1143 1847 1180 1884 S.
1199 1846 1296 1882 Einl.
1316 1850 1348 1890 §-
1369 1851 1449 1892 119,
1472 1850 1526 1882 11.

915 1898 947 1930 5.
974 1898 1127 1930 ceterum
1152 1906 1179 1929 s.
1201 1906 1230 1929 Ζ.
1252 1906 1308 1940 cp.
1330 1898 1385 1929 10.

916 1945 948 1977 6.
985 1942 1028 1976 in
1057 1961 1103 1967 —
1135 1942 1326 1986 accipiens.
1383 1941 1434 1976 In
1470 1941 1541 1976 mit
1577 1941 1612 1977 d.

867 1989 995 2023 Aecus.
1024 1987 1241 2024 bezeichnet
1264 1989 1326 2024 bei
1350 1987 1437 2024 Tac.
1464 1987 1521 2024 oft
1552 1988 1613 2024 die

866 2035 982 2081 Folge
1005 2035 1095 2071 oder
1107 2035 1264 2071 Absicht
1283 2035 1386 2072 einer
1397 2035 1612 2081 flandlung.

866 2081 951 2128 Vgl.
972 2095 1016 2118 zu
1041 2087 1074 2126 6,
1096 2087 1151 2119 13.

916 2134 947 2166 7.
967 2141 1148 2176 aramque.
1172 2130 1247 2165 Der
1258 2129 1367 2165 Altar
1382 2130 1494 2166 sollte
1507 2130 1612 2166 nicht

867 2189 951 2212 zum
970 2176 1120 2223 Opfern,
1142 2178 1302 2214 sondern
1320 2189 1391 2213 nur
1410 2177 1466 2213 als
1485 2177 1609 2213 Denk—

866 2224 942 2260 mal
977 2225 1128 2270 dienen,
1162 2225 1233 2260 wie
1269 2225 1334 2261 der
1368 2225 1433 2261 des
1468 2224 1610 2260 Drusus

867 2276 901 2317 2,
922 2276 959 2317 ⁷3
986 2273 1051 2308 der
1074 2271 1201 2308 Rache
1227 2277 1260 2318 3,
1281 2276 1336 2308 18.

915 2323 947 2355 8.
993 2320 1253 2365 Germanicus,
1298 2321 1364 2355 der
1406 2319 1477 2356 seit
1520 2319 1610 2355 zwei

866 2367 1007 2402 Jahren
1030 2379 1092 2403 am
1110 2368 1231 2403 Rhein
1256 2368 1375 2412 stand,
1401 2367 1523 2403 erhalt
1543 2368 1610 2402 das

862 2425 1030 2460 procons.
1055 2416 1247 2461 imperium
1280 2415 1348 2450 auf
1377 2413 1609 2458 Lebenszeit,

868 2462 951 2497 eine
985 2461 1101 2505 Ehre‚
1140 2462 1200 2497 die
1236 2464 1362 2507 spater
1395 2463 1490 2497 auch
1524 2462 1607 2497 dem

867 2509 966 2545 Nero
1003 2520 1070 2544 vor
1109 2509 1228 2545 seiner
1260 2509 1611 2555 Thronbesteigung

866 2556 1093 2592 widerfahrt.

916 2606 971 2640 10.
1007 2604 1141 2647 solari,
1171 2604 1297 2638 frfiher
1328 2603 1404 2638 fast
1427 2614 1498 2638 nur
1521 2614 1607 2649 poe-

866 2650 985 2695 tisch,
1015 2650 1084 2686 hat
1108 2650 1258 2686 Tacitus
1284 2652 1376 2686 stete
1402 2650 1462 2685 fiir
1487 2661 1608 2686 conso-

866 2698 948 2733 lari.
981 2718 1026 2724 —
1058 2708 1128 2743 quo
1160 2699 1282 2733 minus
1312 2696 1505 2743 abhangig
1534 2709 1607 2733 von

866 2756 990 2789 causa,
1015 2746 1085 2780 wie
1110 2744 1188 2780 Liv.
1214 2749 1271 2789 34,
1295 2748 1339 2780 56
1365 2746 1496 2790 quibus
1520 2756 1606 2781 eme-

865 2793 943 2828 rita
966 2793 1150 2836 stipendia
1174 2803 1306 2828 causae
1323 2797 1435 2828 essent
1453 2803 1522 2838 quo
1540 2794 1607 2828 mi-

865 2850 936 2875 nus
959 2840 1170 2876 militarent.
1212 2839 1318 2874 Auch
1344 2839 1413 2875 mit
1436 2851 1496 2876 ne:
1522 2851 1607 2878 ann.

866 2891 903 2933 3,
925 2890 980 2924 38.

1277 2946 1323 2981 4*

1642 637 1688 669 20

1642 932 1687 965 25

1633 982 1688 1024 14

1642 1526 1686 1558 10
