1820 3100
224 107 310 148 276
582 94 584 96 ’
654 106 882 144 CORNELII
906 107 1064 144 TAorrl
1087 107 1350 144 ANNALIUM

224 216 410 259 triennio
443 216 637 259 defuerat
666 218 836 273 tempus
869 216 1080 259 subeundi
1110 216 1314 259 iudicium
1338 216 1553 259 consulari
1585 216 1688 272 seni,
1711 218 1782 261 tot

224 275 514 318 consularium
539 276 720 331 parenti.
764 275 930 319 Drusus
957 275 1107 318 deinde
1133 276 1436 331 exstinguitur,
1461 290 1559 318 cum
1584 290 1629 318 se
1653 275 1780 319 mise·

223 334 369 376 randis
402 335 633 387 alimentis,
664 335 906 377 mandendo
939 350 960 377 e
992 335 1123 377 cubili
1153 338 1359 390 tomento,
1389 349 1551 377 nonum
1583 335 1636 377 ad
1668 334 1781 378 diem

224 393 491 436 detinuisset.
548 394 762 436 tradidere
794 394 968 450 quidam
999 395 1313 450 praescriptum
1344 393 1476 436 fuisse
1506 392 1711 448 Macroni,
1743 393 1781 439 si

154 461 198 494 10
225 467 345 495 arma
385 453 439 495 ab
478 451 632 495 Seiano
674 455 1007 508 temptarentur,
1049 456 1284 495 extractum
1326 452 1546 495 custodiae
1585 452 1782 496 iuvenem

225 509 344 568 (nam
375 512 421 553 in
452 511 622 554 Palatio
663 510 945 568 attinebatur)
985 512 1133 554 ducem
1171 512 1332 568 populo
1372 512 1603 566 imponere.
1669 526 1782 568 mox,

223 571 325 626 quia
367 585 514 613 rumor
556 571 780 613 incedebat
822 570 914 612 fore
958 574 1006 612 ut
1044 586 1154 613 nuru
1204 585 1252 613 ac
1295 571 1442 625 nepoti
1483 571 1782 614 conciliaretur

223 628 394 684 Caesar,
428 630 652 672 saevitiam
684 644 812 684 quam
843 629 1150 685 paenitentiam
1181 630 1344 672 maluit.

151 693 210 735 24
343 688 456 738 Quin
497 691 539 730 et
583 689 777 730 invectus
818 688 864 730 in
905 688 1150 730 defunctum
1187 690 1346 744 probra
1382 689 1594 744 corporis,
1634 688 1784 731 exitia—

224 747 356 788 bilem
387 748 433 788 in
465 762 577 802 suos,
609 747 825 789 infensum
862 747 925 788 rei
955 747 1150 803 publicae
1183 748 1374 790 animum
1406 748 1564 790 obiecit
1593 747 1785 790 recitari-

223 820 304 861 que
335 806 549 848 factorum
581 806 875 861 dictorumque
908 806 997 848 eius
1029 807 1243 862 descripta
1282 804 1360 862 per
1391 807 1481 849 dies
1523 807 1666 862 iussit,
1698 821 1782 863 quo

223 879 310 907 non
343 864 459 907 aliud
491 865 678 908 atrocius
705 866 863 922 visum3
897 865 1115 907 adstitisse
1147 868 1213 907 tot
1243 881 1320 920 per
1345 880 1481 909 annos
1507 867 1579 922 qui
1605 865 1784 922 vultum,

176 940 197 971 5
225 924 424 979 gemitus,
457 925 669 966 occultum
701 925 830 966 etiam
862 939 1054 966 murmur
1080 924 1333 979 exciperent,
1365 927 1409 966 et
1433 925 1627 980 potuisse
1653 939 1782 968 avum

224 983 380 1035 audire,
410 983 570 1039 legere,
601 983 646 1025 in
677 984 895 1038 publicum
926 998 1122 1039 promere
1153 984 1225 1026 vix
1256 983 1377 1038 fides,
1407 984 1492 1026 nisi
1524 984 1636 1039 quod
1668 983 1782 1026 Attii

223 1043 486 1085 centurionis
519 1045 561 1084 et
586 1042 761 1098 Didymi
792 1043 937 1085 liberti
969 1043 1179 1098 epistulae
1211 1057 1432 1084 servorum
1462 1043 1637 1085 nomina
1661 1056 1781 1098 prae-

222 1101 435 1156 ferebant,
478 1104 528 1143 ut
573 1102 668 1157 quis
717 1102 1006 1156 egredientem
1049 1102 1242 1144 cubiculo
1285 1101 1474 1144 Drusum
1521 1102 1783 1157 pulsaverat,

224 1162 499 1203 exterruerat.
569 1161 699 1203 etiam
743 1176 820 1203 sua
850 1162 984 1203 verba
1027 1161 1218 1203 centurio
1252 1160 1455 1203 saevitiae
1492 1161 1635 1216 plena,
1671 1163 1782 1203 tam-

154 1236 198 1268 10
224 1234 350 1275 quam
395 1220 633 1275 egregium,
675 1234 888 1275 vocesque
938 1220 1174 1263 deficientis
1225 1220 1455 1275 adiecerat,
1500 1220 1594 1275 quis
1643 1220 1782 1274 primo

225 1279 547 1331 [alienationem
585 1280 742 1320 mentis
780 1279 1006 1332 simulans]
1047 1280 1170 1334 quasi
1211 1293 1287 1333 per
1318 1278 1575 1321 dementiam
1612 1278 1785 1322 funesta

223 1337 414 1393 Tiberio,
445 1353 567 1393 mox,
605 1338 681 1380 ubi
712 1353 863 1393 exspes
895 1338 1008 1381 vitae
1039 1338 1140 1393 fuit,
1179 1337 1406 1380 meditatas
1438 1338 1783 1393 compositasque

224 1396 338 1439 diras
369 1397 693 1452 inprecabatur,
725 1400 773 1439 ut
804 1412 929 1452 quem
962 1397 1014 1439 ad
1045 1397 1220 1439 modum
1257 1412 1411 1439 nurum
1448 1397 1670 1452 filiumque
1699 1396 1784 1439 fra·

223 1508 373 1560 ἀδέσμῳ
406 1507 450 1559 ᾗ,
482 1513 589 1558 μέχρι
617 1508 665 1548 ἂν
699 1511 812 1554 αὐτὸς
838 1510 875 1554 ἐς
899 1511 967 1558 τὴν
1039 1512 1140 1547 wirft
1165 1511 1244 1547 ihm
1270 1523 1346 1556 vor,
1366 1524 1406 1547 er
1425 1513 1520 1548 habe
1546 1514 1672 1548 seinen
1692 1512 1783 1548 Bru-

222 1557 331 1595 πόλιν
357 1557 553 1604 ἀφίκηται.
1040 1560 1104 1594 der
1130 1559 1228 1595 Nero
1253 1559 1419 1605 gehasst3
1447 1572 1474 1596 s.
1501 1564 1534 1604 4,
1561 1564 1616 1596 60.
1687 1606 1695 1613 '

271 1616 302 1648 6.
353 1616 404 1647 tot
435 1614 699 1657 consularium,
732 1613 895 1648 n'amlich
927 1613 965 1649 C.
1087 1611 1120 1641 3-
1170 1617 1234 1651 per
1258 1607 1350 1650 dies,
1383 1606 1462 1642 ³1⁸0
1488 1607 1546 1642 ein
1571 1606 1785 1642 f51'm110h05

222 1658 390 1702 Asinius,
415 1659 465 1695 Μ,
491 1660 641 1695 Asinius
670 1660 848 1705 Agrippa,
885 1660 966 1695 Ser-
1039 1653 1243 1708 Tagebuch
1267 1654 1360 1689 iiber
1386 1655 1452 1689 das
1477 1653 1682 1689 Verhalten
1706 1653 1784 1689 und

222 1707 304 1742 vius
330 1706 481 1742 Asinius
509 1707 623 1751 Celer,
651 1707 800 1742 Asinius
826 1707 965 1744 Gallus.
1041 1701 1100 1736 dle
1127 1700 1373 1746 Behandllmg
1397 1700 1461 1736 defi
1485 1700 1637 1736 DFUSUS·

271 1770 303 1801 9.
347 1766 531 1802 tradidere
554 1767 714 1811 quidam.
753 1766 824 1802 Dio
845 1770 901 1810 58,
924 1770 966 1801 13
1087 1752 1120 1783 6·
1170 1759 1244 1783 ”²⁸³⁴
1269 1749 1364 1793 qumi
1389 1748 1491 1783 Sbeht
1514 1747 1700 1803 gqra'dezu
1723 1747 1785 1802 ξω

224 1813 274 1860 τῷ
312 1825 351 1848 τε
383 1812 570 1858 Μάκρωνι
607 1810 816 1849 ἐνετείλατο
855 1811 969 1857 ὅπως,
1039 1796 1111 1850 εἶά·
1162 1794 1247 1839 vgl·
1277 1798 1307 1839 1⁷
1334 1799 1378 1830 33
1409 1799 1516 1850 ⁶¹34?oe
1539 1806 1623 1850 ΨΜ.
1646 1795 1785 1851 .ΑΨ’Ψ’

223 1857 273 1895 ἄν
303 1873 339 1895 τι
365 1859 603 1906 παρακινήσῃ
629 1859 666 1906 (ὁ
693 1860 876 1906 Σηϊανός)
902 1858 969 1895 τὸν
1035 1853 1133 1897 Pma
1164 1843 1277 1897 pausso
1311 1847 1537 1888 commmwr’
1580 1853 1656 1878 ‘ms‘
1690 1842 1787 1888 quod

225 1907 396 1952 Δροῦσον
430 1906 467 1948 ἔς
497 1920 536 1942 τε
568 1906 636 1964 τῂν
670 1906 906 1964 βουλὴν’καὶ
931 1905 970 1965 ἐς
1041 1900 1206 1925 animum
1230 1901 1272 1925 in
1296 1890 1429 1925 bonum
1452 1891 1619 1925 vertebat.

224 1951 290 1989 τὸν
325 1955 447 1999 δῆμον
485 1951 648 2002 ἐσαγαγῃ
680 1956 747 1990 καὶ
783 1968 968 2001 αυτοκρα-
1089 1941 1135 2019 {⁴0
1172 1940 1215 1972 ut
1238 1937 1319 1992 quis
1345 1936 1424 1971 sen·
1449 1948 1663 1991 semmam&
1693 1983 1702 1991 .

223 2014 315 2047 τορα
341 1998 534 2048 anodslgqy.
1138 2011 1146 2019 .
1175 1995 1366 2030 eyreyium.
1393 1984 1467 2019 Das
1480 1985 1786 2020 substantmerte

1042 2031 1224 2067 Neutrum
1259 2030 1314 2066 als
1346 2030 1568 2076 Apposition
1602 2032 1654 2067 ist
1684 2030 1788 2066 dich-

1041 2078 1182 2114 terisch
1221 2077 1297 2113 und
1339 2078 1629 2114 nachklassisch.
1698 2077 1786 2124 Vgl.

1041 2125 1129 2160 hist.
1175 2130 1208 2169 4,
1252 2129 1297 2161 23
1347 2127 1550 2170 machinas,
1599 2125 1788 2162 insolitum

1041 2174 1127 2217 sibi,
1167 2173 1259 2208 ausi.
1322 2173 1409 2208 Hor.
1448 2172 1514 2208 sat.
1553 2176 1590 2217 1,
1615 2176 1656 2218 4,
1688 2175 1709 2208 9
1745 2175 1789 2208 ut

1045 2231 1227 2265 maynum.

1095 2271 1149 2303 11.
1194 2266 1263 2301 Die
1283 2266 1639 2312 eingeklammerten
1657 2266 1789 2303 Worte

274 2059 327 2090 10.
379 2056 564 2091 custodiae
596 2056 688 2090 statt
719 2066 762 2090 ex
794 2055 969 2098 custodia,

225 2102 294 2138 wie
315 2102 411 2137 Plin.
431 2114 466 2138 n.
486 2102 522 2138 h.
535 2107 554 2138 7
567 2105 598 2145 ξ.
613 2106 655 2137 13
678 2103 833 2148 corpori.
869 2102 969 2138 Suet.

225 2149 305 2184 Tib.
334 2153 377 2184 73
405 2150 557 2185 anulum
580 2150 661 2185 sibi.

274 2205 329 2237 11.
367 2203 557 2247 imponere.
593 2203 667 2238 Der
686 2202 849 2238 Infinitiv
875 2203 971 2237 nach

219 2250 480 2294 praescribere,
507 2249 620 2303 sehon
640 2249 714 2284 Cic.
740 2261 777 2294 p.
803 2250 909 2285 Font.
942 2253 973 2303 β,

227 2300 290 2340 12’
326 2297 424 2341 f⁰lg¹³
459 2296 520 2331 bel
556 2296 641 2331 Tac·
659 2343 667 2350 .
686 2296 752 2331 der
790 2296 974 2342 Analogw
1047 2314 1128 2350 sind
1155 2325 1221 2349 aus
1247 2313 1349 2349 einer
1367 2313 1599 2359 Randglosse
1623 2314 1789 2350 entstan·

226 2343 420 2379 derselben
447 2342 719 2379 Konsfiruksslon
743 2345 840 2379 nach
864 2355 974 2389 prae·
1046 2361 1118 2397 den
1180 2361 1295 2396 durch
1338 2360 1478 2396 welche
1525 2361 1679 2407 jemand
1721 2361 1789 2397 du

227 2391 354 2436 cipere,
380 2391 545 2435 scribe&
570 2391 772 2450 {wemma
923 2442 931 2449 ,
1048 2389 1237 2453 Folg'ende
1279 2420 1362 2443 zum
1397 2399 1579 2444 Uberflurs
1621 2407 1791 2444 erklaren

257 2447 329 2497 ‚12-
364 2454 463 2497 nuru
483 2443 635 2488 (natm),
658 2443 823 2478 namhch
842 2444 976 2497 Agnp-
1048 2456 1186 2490 woute.
1225 2455 1434 2491 Verstenen
1454 2456 1579 2491 woute
1599 2455 1678 2490 sich
1697 2455 1790 2491 Dru-

227 2501 327 2536 pina,
355 2491 414 2525 dle
434 2491 530 2525 nach
550 2491 615 2525 der
634 2491 734 2526 Insel
751 2490 977 2526 Pandateria
1050 2510 1110 2538 sug
1134 2502 1257 2547 niem,
1290 2503 1379 2538 abe,-
1402 2501 1440 2537 in
1466 2503 1587 2538 semer
1610 2501 1704 2537 Wuf,
1727 2512 1790 2547 30-

227 2537 415 2573 verbannt
442 2549 530 2573 war·
1049 2550 1202 2585 b'ardete
1248 2561 1287 2585 er
1327 2549 1406 2585 sich
1443 2549 1512 2585 wie
1555 2548 1616 2584 ein
1653 2548 1788 2585 Toller.
1818 2567 1820 2575 v

275 2590 339 2626 24·
386 2596 415 2626 1·
455 2591 595 2636 ΡῪΟόΥα
621 2592 784 2636 corporis
809 2590 977 2636 „Sonam
1049 2596 1134 2642 Vgl.
1169 2596 1258 2633 Sall.
1292 2596 1400 2632 Catil.
1433 2599 1478 2631 42
1515 2596 1717 2632 inconsulte
1746 2606 1791 2632 ac

229 2637 331 2682 dung
365 2638 430 2672 des
463 2636 630 2682 Leibes“,
666 2638 700 2674 <l-
726 2638 763 2674 h.
801 2639 978 2691 unnpssfir-
1049 2645 1160 2680 veluti
1185 2655 1254 2689 per
1284 2644 1495 2680 devitentiam
1525 2646 1657 2679 cuncta
1681 2643 1791 2679 simul

228 2685 327 2719 liche
363 2685 543 2720 Unzucht.
599 2685 683 2730 Vgl.
719 2685 793 2720 Cic.
819 2685 914 2720 Ph11.
941 2689 975 2730 2,
1049 2692 1213 2737 ayebamt,

230 2734 274 2766 38
298 2732 426 2776 probri
450 2732 675 2768 insimulasti
696 2733 975 2776 pudicissimam
1096 2741 1150 2774 12.
1194 2748 1317 2782 eaespes
1346 2737 1461 2772 findefs
1492 2735 1570 2771 sich
1601 2736 1697 2772 auch
1727 2735 1790 2772 bei

229 2779 412 2820 feminam·
449 2799 492 2804 -
530 2770 631 2815 fiber
670 2780 741 2814 den
780 2779 976 2815 Gebrauch
1046 2786 1166 2821 Horaz
1185 2785 1261 2820 und
1283 2784 1389 2827 0vid,
1415 2784 1504 2818 aber
1528 2783 1598 2818 mit
1616 2783 1701 2818 dem
1718 2781 1789 2820 Ge·
1818 2798 1820 2803 ’

229 2835 302 2859 von
329 2826 530 2861 exitiabilis
556 2837 583 2862 s.
610 2837 654 2860 zu
680 2837 736 2871 cp.
766 2829 798 2863 7.
1047 2832 1150 2868 netiv
1174 2843 1245 2866 nur
1269 2830 1349 2866 hier
1373 2830 1450 2866 und
1474 2831 1512 2866 in
1537 2830 1654 2866 einem
1676 2831 1790 2877 Frag-
1813 2838 1820 2881 ζ

277 2881 308 2911 2.
359 2878 401 2912 in
430 2888 530 2922 suos,
563 2879 662 2914 denn
697 2879 793 2914 auch
824 2878 975 2914 Tacitus
1047 2881 1151 2914 ment
1178 2879 1242 2913 des
1270 2877 1412 2914 Accius.

1807 2983 1820 3057 ἐ

1803 3055 1820 3100 ε
