<?xml version="1.0" encoding="UTF-8"?>
<!DOCTYPE html PUBLIC "-//W3C//DTD XHTML 1.0 Transitional//EN"
    "http://www.w3.org/TR/xhtml1/DTD/xhtml1-transitional.dtd">
<html xmlns="http://www.w3.org/1999/xhtml" xml:lang="en" lang="en">
 <head>
  <title>
</title>
<meta http-equiv="Content-Type" content="text/html;charset=utf-8" />
  <meta name='ocr-system' content='tesseract 3.04.00' />
  <meta name='ocr-capabilities' content='ocr_page ocr_carea ocr_par ocr_line ocrx_word'/>
</head>
<body>
  <div class='ocr_page' id='page_1' title='image "./dieannalen01taciuoft_0521.png"; bbox 0 0 1794 3126; ppageno 0'>
   <div class='ocr_carea' id='block_1_1' title="bbox 587 85 1652 127">
    <p class='ocr_par' dir='ltr' id='par_1_1' title="bbox 587 85 1652 127">
     <span class='ocr_line' id='line_1_1' title="bbox 587 85 1652 127; baseline 0 0"><span class='ocrx_word' id='word_1_1' title='bbox 587 90 735 127; x_wconf 80' lang='lat' dir='ltr'>LIBER</span> <span class='ocrx_word' id='word_1_2' title='bbox 758 89 837 126; x_wconf 83' lang='lat' dir='ltr'>XV.</span> <span class='ocrx_word' id='word_1_3' title='bbox 871 88 973 125; x_wconf 83' lang='lat' dir='ltr'>CAP.</span> <span class='ocrx_word' id='word_1_4' title='bbox 1000 92 1152 125; x_wconf 80' lang='lat'>60-64.</span> <span class='ocrx_word' id='word_1_5' title='bbox 1567 85 1652 127; x_wconf 85' lang='lat'>211</span> 
     </span>
    </p>
   </div>
   <div class='ocr_carea' id='block_1_2' title="bbox 82 194 1725 1497">
    <p class='ocr_par' dir='ltr' id='par_1_2' title="bbox 84 194 1725 435">
     <span class='ocr_line' id='line_1_2' title="bbox 84 194 1655 259; baseline -0.006 -12"><span class='ocrx_word' id='word_1_6' title='bbox 84 203 162 246; x_wconf 90' lang='lat' dir='ltr'>ubi</span> <span class='ocrx_word' id='word_1_7' title='bbox 191 203 422 259; x_wconf 88' lang='lat' dir='ltr'>praecepta</span> <span class='ocrx_word' id='word_1_8' title='bbox 454 200 700 256; x_wconf 88' lang='lat' dir='ltr'>sapientiae,</span> <span class='ocrx_word' id='word_1_9' title='bbox 715 198 806 241; x_wconf 83' lang='lat' dir='ltr'>‘ubi</span> <span class='ocrx_word' id='word_1_10' title='bbox 836 199 912 253; x_wconf 86' lang='lat' dir='ltr'>tot</span> <span class='ocrx_word' id='word_1_11' title='bbox 932 211 1010 252; x_wconf 87' lang='lat' dir='ltr'>per</span> <span class='ocrx_word' id='word_1_12' title='bbox 1041 211 1176 239; x_wconf 89' lang='lat' dir='ltr'>annos</span> <span class='ocrx_word' id='word_1_13' title='bbox 1201 196 1410 238; x_wconf 89' lang='lat' dir='ltr'>meditata</span> <span class='ocrx_word' id='word_1_14' title='bbox 1439 196 1550 238; x_wconf 89' lang='lat' dir='ltr'>ratio</span> <span class='ocrx_word' id='word_1_15' title='bbox 1584 194 1655 237; x_wconf 89' lang='lat' dir='ltr'>ad-</span> 
     </span>
     <span class='ocr_line' id='line_1_3' title="bbox 84 253 1655 311; baseline -0.006 -6"><span class='ocrx_word' id='word_1_16' title='bbox 84 277 255 305; x_wconf 89' lang='lat' dir='ltr'>versum</span> <span class='ocrx_word' id='word_1_17' title='bbox 293 259 593 310; x_wconf 73' lang='lat' dir='ltr'><strong>imminentia?</strong></span> <span class='ocrx_word' id='word_1_18' title='bbox 642 258 711 301; x_wconf 90' lang='lat' dir='ltr'>cui</span> <span class='ocrx_word' id='word_1_19' title='bbox 749 257 861 299; x_wconf 89' lang='lat' dir='ltr'>enim</span> <span class='ocrx_word' id='word_1_20' title='bbox 898 256 1098 311; x_wconf 84' lang='lat' dir='ltr'>ignaram</span> <span class='ocrx_word' id='word_1_21' title='bbox 1134 254 1269 297; x_wconf 89' lang='lat' dir='ltr'>fuisse</span> <span class='ocrx_word' id='word_1_22' title='bbox 1307 255 1532 297; x_wconf 85' lang='lat' dir='ltr'>saevitiam</span> <span class='ocrx_word' id='word_1_23' title='bbox 1573 253 1655 296; x_wconf 91' lang='lat' dir='ltr'>Ne-</span> 
     </span>
     <span class='ocr_line' id='line_1_4' title="bbox 86 314 1725 376; baseline -0.005 -12"><span class='ocrx_word' id='word_1_24' title='bbox 86 320 235 364; x_wconf 79' lang='lat' dir='ltr'>ronis?</span> <span class='ocrx_word' id='word_1_25' title='bbox 284 331 439 376; x_wconf 78' lang='lat' dir='ltr'>neque·</span> <span class='ocrx_word' id='word_1_26' title='bbox 463 318 578 362; x_wconf 89' lang='lat' dir='ltr'>aliud</span> <span class='ocrx_word' id='word_1_27' title='bbox 610 330 832 373; x_wconf 84' lang='lat' dir='ltr'>superesse</span> <span class='ocrx_word' id='word_1_28' title='bbox 869 317 970 371; x_wconf 91' lang='lat' dir='ltr'>post</span> <span class='ocrx_word' id='word_1_29' title='bbox 999 316 1184 357; x_wconf 87' lang='lat' dir='ltr'>matrem</span> <span class='ocrx_word' id='word_1_30' title='bbox 1221 314 1484 369; x_wconf 75' lang='lat' dir='ltr'>fratremque</span> <span class='ocrx_word' id='word_1_31' title='bbox 1522 314 1653 355; x_wconf 87' lang='lat' dir='ltr'>inter-</span> <span class='ocrx_word' id='word_1_32' title='bbox 1680 323 1725 356; x_wconf 90' lang='lat'>10</span> 
     </span>
     <span class='ocr_line' id='line_1_5' title="bbox 84 372 1565 435; baseline -0.007 -11"><span class='ocrx_word' id='word_1_33' title='bbox 84 381 224 423; x_wconf 86' lang='lat' dir='ltr'>fectos</span> <span class='ocrx_word' id='word_1_34' title='bbox 257 394 386 435; x_wconf 91' lang='lat' dir='ltr'>quam</span> <span class='ocrx_word' id='word_1_35' title='bbox 417 381 468 421; x_wconf 90' lang='lat' dir='ltr'>ut</span> <span class='ocrx_word' id='word_1_36' title='bbox 500 376 741 420; x_wconf 75' lang='lat' dir='ltr'>educatoris</span> <span class='ocrx_word' id='word_1_37' title='bbox 772 374 1152 430; x_wconf 76' lang='lat' dir='ltr'>praeceptorisque</span> <span class='ocrx_word' id='word_1_38' title='bbox 1183 387 1331 415; x_wconf 85' lang='lat' dir='ltr'>necem</span> <span class='ocrx_word' id='word_1_39' title='bbox 1365 372 1565 415; x_wconf 86' lang='lat' dir='ltr'>adiceret.</span> 
     </span>
    </p>

    <p class='ocr_par' dir='ltr' id='par_1_3' title="bbox 82 431 1724 1497">
     <span class='ocr_line' id='line_1_6' title="bbox 203 431 1723 493; baseline -0.006 -11"><span class='ocrx_word' id='word_1_40' title='bbox 203 439 294 482; x_wconf 92' lang='lat' dir='ltr'>Ubi</span> <span class='ocrx_word' id='word_1_41' title='bbox 329 439 435 481; x_wconf 91' lang='lat' dir='ltr'>haec</span> <span class='ocrx_word' id='word_1_42' title='bbox 472 439 599 493; x_wconf 87' lang='lat' dir='ltr'>atque</span> <span class='ocrx_word' id='word_1_43' title='bbox 635 435 746 477; x_wconf 90' lang='lat' dir='ltr'>talia</span> <span class='ocrx_word' id='word_1_44' title='bbox 769 435 900 477; x_wconf 91' lang='lat' dir='ltr'>·velut</span> <span class='ocrx_word' id='word_1_45' title='bbox 936 434 983 475; x_wconf 92' lang='lat' dir='ltr'>in</span> <span class='ocrx_word' id='word_1_46' title='bbox 1014 447 1242 476; x_wconf 91' lang='lat' dir='ltr'>commune</span> <span class='ocrx_word' id='word_1_47' title='bbox 1281 432 1502 486; x_wconf 86' lang='lat' dir='ltr'>disseruit,</span> <span class='ocrx_word' id='word_1_48' title='bbox 1539 445 1652 474; x_wconf 92' lang='lat' dir='ltr'>com·</span> <span class='ocrx_word' id='word_1_49' title='bbox 1666 431 1723 474; x_wconf 86' lang='lat'>63</span> 
     </span>
     <span class='ocr_line' id='line_1_7' title="bbox 85 490 1654 554; baseline -0.006 -13"><span class='ocrx_word' id='word_1_50' title='bbox 85 499 291 554; x_wconf 82' lang='lat' dir='ltr'>plectitur</span> <span class='ocrx_word' id='word_1_51' title='bbox 308 511 497 551; x_wconf 88' lang='lat' dir='ltr'>uxorem,</span> <span class='ocrx_word' id='word_1_52' title='bbox 522 498 566 537; x_wconf 90' lang='lat' dir='ltr'>et</span> <span class='ocrx_word' id='word_1_53' title='bbox 590 494 814 550; x_wconf 88' lang='lat' dir='ltr'>paululum</span> <span class='ocrx_word' id='word_1_54' title='bbox 835 493 1038 536; x_wconf 86' lang='lat' dir='ltr'>adversus</span> <span class='ocrx_word' id='word_1_55' title='bbox 1058 494 1330 548; x_wconf 85' lang='lat' dir='ltr'>praesentem</span> <span class='ocrx_word' id='word_1_56' title='bbox 1355 490 1654 534; x_wconf 89' lang='lat' dir='ltr'>fortitudinem</span> 
     </span>
     <span class='ocr_line' id='line_1_8' title="bbox 85 549 1654 612; baseline -0.005 -12"><span class='ocrx_word' id='word_1_57' title='bbox 85 557 280 600; x_wconf 90' lang='lat' dir='ltr'>mollitus</span> <span class='ocrx_word' id='word_1_58' title='bbox 306 558 435 612; x_wconf 87' lang='lat' dir='ltr'>rogat</span> <span class='ocrx_word' id='word_1_59' title='bbox 460 557 638 610; x_wconf 88' lang='lat' dir='ltr'>oratque</span> <span class='ocrx_word' id='word_1_60' title='bbox 669 554 930 608; x_wconf 84' lang='lat' dir='ltr'>temperaret</span> <span class='ocrx_word' id='word_1_61' title='bbox 961 552 1152 594; x_wconf 92' lang='lat' dir='ltr'>dolorem</span> <span class='ocrx_word' id='word_1_62' title='bbox 1179 553 1400 594; x_wconf 87' lang='lat' dir='ltr'>aeternum</span> <span class='ocrx_word' id='word_1_63' title='bbox 1427 549 1654 605; x_wconf 86' lang='lat' dir='ltr'>suscipere,</span> 
     </span>
     <span class='ocr_line' id='line_1_9' title="bbox 87 609 1654 669; baseline -0.005 -10"><span class='ocrx_word' id='word_1_64' title='bbox 87 617 162 659; x_wconf 90' lang='lat' dir='ltr'>sed</span> <span class='ocrx_word' id='word_1_65' title='bbox 204 617 251 658; x_wconf 92' lang='lat' dir='ltr'>in</span> <span class='ocrx_word' id='word_1_66' title='bbox 294 613 656 669; x_wconf 83' lang='lat' dir='ltr'>contemplatione</span> <span class='ocrx_word' id='word_1_67' title='bbox 699 612 815 654; x_wconf 88' lang='lat' dir='ltr'>vitae</span> <span class='ocrx_word' id='word_1_68' title='bbox 858 626 935 667; x_wconf 89' lang='lat' dir='ltr'>per</span> <span class='ocrx_word' id='word_1_69' title='bbox 979 611 1184 654; x_wconf 88' lang='lat' dir='ltr'>virtutem</span> <span class='ocrx_word' id='word_1_70' title='bbox 1229 613 1351 653; x_wconf 90' lang='lat' dir='ltr'>actae</span> <span class='ocrx_word' id='word_1_71' title='bbox 1393 609 1654 652; x_wconf 88' lang='lat' dir='ltr'>desiderium</span> 
     </span>
     <span class='ocr_line' id='line_1_10' title="bbox 84 668 1699 726; baseline -0.004 -8"><span class='ocrx_word' id='word_1_72' title='bbox 84 675 232 718; x_wconf 87' lang='lat' dir='ltr'>mariti</span> <span class='ocrx_word' id='word_1_73' title='bbox 257 674 430 717; x_wconf 88' lang='lat' dir='ltr'>solaciis</span> <span class='ocrx_word' id='word_1_74' title='bbox 455 673 650 715; x_wconf 87' lang='lat' dir='ltr'>honestis</span> <span class='ocrx_word' id='word_1_75' title='bbox 676 672 892 714; x_wconf 86' lang='lat' dir='ltr'>toleraret.</span> <span class='ocrx_word' id='word_1_76' title='bbox 930 670 1007 713; x_wconf 92' lang='lat' dir='ltr'>illa</span> <span class='ocrx_word' id='word_1_77' title='bbox 1032 672 1184 713; x_wconf 87' lang='lat' dir='ltr'>contra</span> <span class='ocrx_word' id='word_1_78' title='bbox 1211 670 1294 712; x_wconf 84' lang='lat' dir='ltr'>sibi</span> <span class='ocrx_word' id='word_1_79' title='bbox 1325 684 1493 726; x_wconf 91' lang='lat' dir='ltr'>quoque</span> <span class='ocrx_word' id='word_1_80' title='bbox 1525 668 1654 711; x_wconf 84' lang='lat' dir='ltr'>desti·</span> <span class='ocrx_word' id='word_1_81' title='bbox 1679 680 1699 711; x_wconf 83' lang='lat'>5</span> 
     </span>
     <span class='ocr_line' id='line_1_11' title="bbox 84 729 1655 786; baseline -0.004 -9"><span class='ocrx_word' id='word_1_82' title='bbox 84 737 232 777; x_wconf 87' lang='lat' dir='ltr'>natam</span> <span class='ocrx_word' id='word_1_83' title='bbox 262 735 446 775; x_wconf 88' lang='lat' dir='ltr'>mortem</span> <span class='ocrx_word' id='word_1_84' title='bbox 478 731 705 774; x_wconf 84' lang='lat' dir='ltr'>adseverat</span> <span class='ocrx_word' id='word_1_85' title='bbox 730 743 987 786; x_wconf 90' lang='lat' dir='ltr'>manumque</span> <span class='ocrx_word' id='word_1_86' title='bbox 1018 729 1285 785; x_wconf 88' lang='lat' dir='ltr'>percussoris</span> <span class='ocrx_word' id='word_1_87' title='bbox 1311 729 1518 784; x_wconf 87' lang='lat' dir='ltr'>exposcit.</span> <span class='ocrx_word' id='word_1_88' title='bbox 1561 730 1655 770; x_wconf 86' lang='lat' dir='ltr'>tum</span> 
     </span>
     <span class='ocr_line' id='line_1_12' title="bbox 88 787 1655 848; baseline -0.004 -12"><span class='ocrx_word' id='word_1_89' title='bbox 88 792 249 836; x_wconf 86' lang='lat' dir='ltr'>Seneca</span> <span class='ocrx_word' id='word_1_90' title='bbox 280 792 443 848; x_wconf 86' lang='lat' dir='ltr'>gloriae</span> <span class='ocrx_word' id='word_1_91' title='bbox 476 791 568 833; x_wconf 90' lang='lat' dir='ltr'>eius</span> <span class='ocrx_word' id='word_1_92' title='bbox 601 805 691 833; x_wconf 92' lang='lat' dir='ltr'>non</span> <span class='ocrx_word' id='word_1_93' title='bbox 723 790 944 844; x_wconf 89' lang='lat' dir='ltr'>adversus,</span> <span class='ocrx_word' id='word_1_94' title='bbox 976 789 1104 831; x_wconf 89' lang='lat' dir='ltr'>simul</span> <span class='ocrx_word' id='word_1_95' title='bbox 1137 803 1300 843; x_wconf 90' lang='lat' dir='ltr'>amore,</span> <span class='ocrx_word' id='word_1_96' title='bbox 1330 802 1384 830; x_wconf 93' lang='lat' dir='ltr'>ne</span> <span class='ocrx_word' id='word_1_97' title='bbox 1418 788 1501 830; x_wconf 87' lang='lat' dir='ltr'>sibi</span> <span class='ocrx_word' id='word_1_98' title='bbox 1531 787 1655 829; x_wconf 89' lang='lat' dir='ltr'>unice</span> 
     </span>
     <span class='ocr_line' id='line_1_13' title="bbox 85 846 1656 904; baseline -0.004 -10"><span class='ocrx_word' id='word_1_99' title='bbox 85 852 287 895; x_wconf 88' lang='lat' dir='ltr'>dilectam</span> <span class='ocrx_word' id='word_1_100' title='bbox 332 851 385 893; x_wconf 89' lang='lat' dir='ltr'>ad</span> <span class='ocrx_word' id='word_1_101' title='bbox 429 850 608 892; x_wconf 88' lang='lat' dir='ltr'>iniurias</span> <span class='ocrx_word' id='word_1_102' title='bbox 652 849 933 904; x_wconf 89' lang='lat' dir='ltr'>relinqueret,</span> <span class='ocrx_word' id='word_1_103' title='bbox 978 846 1123 890; x_wconf 73' lang='lat' dir='ltr'>‘vitae&#39;</span> <span class='ocrx_word' id='word_1_104' title='bbox 1167 847 1311 903; x_wconf 91' lang='lat' dir='ltr'>inquit</span> <span class='ocrx_word' id='word_1_105' title='bbox 1352 846 1656 889; x_wconf 79' lang='lat' dir='ltr'>‘delenimenta</span> 
     </span>
     <span class='ocr_line' id='line_1_14' title="bbox 84 905 1654 964; baseline -0.004 -10"><span class='ocrx_word' id='word_1_106' title='bbox 84 913 428 954; x_wconf 83' lang='lat' dir='ltr'>monstraveram</span> <span class='ocrx_word' id='word_1_107' title='bbox 447 909 542 964; x_wconf 92' lang='lat' dir='ltr'>tibi,</span> <span class='ocrx_word' id='word_1_108' title='bbox 560 911 608 951; x_wconf 92' lang='lat' dir='ltr'>tu</span> <span class='ocrx_word' id='word_1_109' title='bbox 629 908 780 950; x_wconf 86' lang='lat' dir='ltr'>mortis</span> <span class='ocrx_word' id='word_1_110' title='bbox 801 908 930 950; x_wconf 88' lang='lat' dir='ltr'>decus</span> <span class='ocrx_word' id='word_1_111' title='bbox 943 907 1100 949; x_wconf 88' lang='lat' dir='ltr'>mavis:</span> <span class='ocrx_word' id='word_1_112' title='bbox 1118 920 1207 949; x_wconf 90' lang='lat' dir='ltr'>non</span> <span class='ocrx_word' id='word_1_113' title='bbox 1226 906 1428 949; x_wconf 85' lang='lat' dir='ltr'>invidebo</span> <span class='ocrx_word' id='word_1_114' title='bbox 1444 905 1654 960; x_wconf 85' lang='lat' dir='ltr'>exemplo.</span> 
     </span>
     <span class='ocr_line' id='line_1_15' title="bbox 84 964 1724 1022; baseline -0.003 -9"><span class='ocrx_word' id='word_1_115' title='bbox 84 971 142 1014; x_wconf 88' lang='lat' dir='ltr'>sit</span> <span class='ocrx_word' id='word_1_116' title='bbox 166 970 293 1012; x_wconf 91' lang='lat' dir='ltr'>huius</span> <span class='ocrx_word' id='word_1_117' title='bbox 317 972 408 1012; x_wconf 90' lang='lat' dir='ltr'>tam</span> <span class='ocrx_word' id='word_1_118' title='bbox 434 968 560 1011; x_wconf 85' lang='lat' dir='ltr'>fortis</span> <span class='ocrx_word' id='word_1_119' title='bbox 587 968 726 1010; x_wconf 88' lang='lat' dir='ltr'>exitus</span> <span class='ocrx_word' id='word_1_120' title='bbox 753 966 1000 1010; x_wconf 89' lang='lat' dir='ltr'>constantia</span> <span class='ocrx_word' id='word_1_121' title='bbox 1024 980 1156 1021; x_wconf 86' lang='lat' dir='ltr'>penes</span> <span class='ocrx_word' id='word_1_122' title='bbox 1183 968 1387 1022; x_wconf 90' lang='lat' dir='ltr'>utrosque</span> <span class='ocrx_word' id='word_1_123' title='bbox 1413 980 1503 1020; x_wconf 90' lang='lat' dir='ltr'>par,</span> <span class='ocrx_word' id='word_1_124' title='bbox 1530 964 1653 1007; x_wconf 88' lang='lat' dir='ltr'>clari·</span> <span class='ocrx_word' id='word_1_125' title='bbox 1681 977 1724 1008; x_wconf 92' lang='lat'>10</span> 
     </span>
     <span class='ocr_line' id='line_1_16' title="bbox 82 1024 1652 1084; baseline -0.004 -12"><span class='ocrx_word' id='word_1_126' title='bbox 82 1029 246 1072; x_wconf 90' lang='lat' dir='ltr'>tudinis</span> <span class='ocrx_word' id='word_1_127' title='bbox 277 1029 375 1084; x_wconf 92' lang='lat' dir='ltr'>plus</span> <span class='ocrx_word' id='word_1_128' title='bbox 406 1027 452 1069; x_wconf 90' lang='lat' dir='ltr'>in</span> <span class='ocrx_word' id='word_1_129' title='bbox 482 1029 558 1070; x_wconf 91' lang='lat' dir='ltr'>tuo</span> <span class='ocrx_word' id='word_1_130' title='bbox 589 1025 702 1069; x_wconf 89' lang='lat' dir='ltr'>fine.’</span> <span class='ocrx_word' id='word_1_131' title='bbox 757 1028 858 1081; x_wconf 91' lang='lat' dir='ltr'>post</span> <span class='ocrx_word' id='word_1_132' title='bbox 889 1039 996 1082; x_wconf 89' lang='lat' dir='ltr'>quae</span> <span class='ocrx_word' id='word_1_133' title='bbox 1029 1025 1178 1068; x_wconf 88' lang='lat' dir='ltr'>eodem</span> <span class='ocrx_word' id='word_1_134' title='bbox 1209 1025 1298 1066; x_wconf 89' lang='lat' dir='ltr'>ictu</span> <span class='ocrx_word' id='word_1_135' title='bbox 1329 1024 1506 1067; x_wconf 87' lang='lat' dir='ltr'>brachia</span> <span class='ocrx_word' id='word_1_136' title='bbox 1535 1024 1652 1066; x_wconf 89' lang='lat' dir='ltr'>ferro</span> 
     </span>
     <span class='ocr_line' id='line_1_17' title="bbox 85 1084 1656 1141; baseline -0.004 -10"><span class='ocrx_word' id='word_1_137' title='bbox 85 1089 323 1132; x_wconf 86' lang='lat' dir='ltr'>exsolvunt.</span> <span class='ocrx_word' id='word_1_138' title='bbox 367 1085 540 1141; x_wconf 87' lang='lat' dir='ltr'>Seneca,</span> <span class='ocrx_word' id='word_1_139' title='bbox 566 1085 770 1141; x_wconf 88' lang='lat' dir='ltr'>quoniam</span> <span class='ocrx_word' id='word_1_140' title='bbox 797 1085 931 1127; x_wconf 91' lang='lat' dir='ltr'>senile</span> <span class='ocrx_word' id='word_1_141' title='bbox 957 1098 1110 1139; x_wconf 87' lang='lat' dir='ltr'>corpus</span> <span class='ocrx_word' id='word_1_142' title='bbox 1139 1086 1182 1125; x_wconf 89' lang='lat' dir='ltr'>et</span> <span class='ocrx_word' id='word_1_143' title='bbox 1207 1098 1338 1139; x_wconf 89' lang='lat' dir='ltr'>parco</span> <span class='ocrx_word' id='word_1_144' title='bbox 1364 1084 1479 1126; x_wconf 86' lang='lat' dir='ltr'>victu</span> <span class='ocrx_word' id='word_1_145' title='bbox 1508 1086 1656 1125; x_wconf 87' lang='lat' dir='ltr'>tenua-</span> 
     </span>
     <span class='ocr_line' id='line_1_18' title="bbox 82 1142 1653 1202; baseline -0.003 -12"><span class='ocrx_word' id='word_1_146' title='bbox 82 1151 176 1190; x_wconf 91' lang='lat' dir='ltr'>tum</span> <span class='ocrx_word' id='word_1_147' title='bbox 202 1148 321 1190; x_wconf 89' lang='lat' dir='ltr'>lenta</span> <span class='ocrx_word' id='word_1_148' title='bbox 346 1145 505 1202; x_wconf 85' lang='lat' dir='ltr'>effugia</span> <span class='ocrx_word' id='word_1_149' title='bbox 531 1144 733 1201; x_wconf 86' lang='lat' dir='ltr'>sanguini</span> <span class='ocrx_word' id='word_1_150' title='bbox 763 1144 1012 1199; x_wconf 87' lang='lat' dir='ltr'>praebebat,</span> <span class='ocrx_word' id='word_1_151' title='bbox 1044 1158 1212 1186; x_wconf 90' lang='lat' dir='ltr'>crurum</span> <span class='ocrx_word' id='word_1_152' title='bbox 1245 1157 1414 1199; x_wconf 91' lang='lat' dir='ltr'>quoque</span> <span class='ocrx_word' id='word_1_153' title='bbox 1441 1145 1484 1185; x_wconf 90' lang='lat' dir='ltr'>et</span> <span class='ocrx_word' id='word_1_154' title='bbox 1514 1142 1653 1199; x_wconf 88' lang='lat' dir='ltr'>popli-</span> 
     </span>
     <span class='ocr_line' id='line_1_19' title="bbox 82 1202 1654 1259; baseline -0.003 -10"><span class='ocrx_word' id='word_1_155' title='bbox 82 1210 176 1249; x_wconf 91' lang='lat' dir='ltr'>tum</span> <span class='ocrx_word' id='word_1_156' title='bbox 202 1220 333 1249; x_wconf 88' lang='lat' dir='ltr'>venas</span> <span class='ocrx_word' id='word_1_157' title='bbox 361 1205 591 1259; x_wconf 89' lang='lat' dir='ltr'>abrumpit.</span> <span class='ocrx_word' id='word_1_158' title='bbox 641 1204 863 1259; x_wconf 86' lang='lat' dir='ltr'>saevisque</span> <span class='ocrx_word' id='word_1_159' title='bbox 889 1203 1151 1246; x_wconf 88' lang='lat' dir='ltr'>cruciatibus</span> <span class='ocrx_word' id='word_1_160' title='bbox 1183 1202 1388 1257; x_wconf 87' lang='lat' dir='ltr'>defessus,</span> <span class='ocrx_word' id='word_1_161' title='bbox 1418 1217 1474 1244; x_wconf 91' lang='lat' dir='ltr'>ne</span> <span class='ocrx_word' id='word_1_162' title='bbox 1507 1203 1654 1244; x_wconf 89' lang='lat' dir='ltr'>dolore</span> 
     </span>
     <span class='ocr_line' id='line_1_20' title="bbox 86 1262 1723 1318; baseline -0.003 -9"><span class='ocrx_word' id='word_1_163' title='bbox 86 1281 164 1309; x_wconf 91' lang='lat' dir='ltr'>suo</span> <span class='ocrx_word' id='word_1_164' title='bbox 185 1266 376 1308; x_wconf 90' lang='lat' dir='ltr'>animum</span> <span class='ocrx_word' id='word_1_165' title='bbox 395 1264 540 1306; x_wconf 87' lang='lat' dir='ltr'>uxoris</span> <span class='ocrx_word' id='word_1_166' title='bbox 559 1263 819 1318; x_wconf 86' lang='lat' dir='ltr'>infringeret</span> <span class='ocrx_word' id='word_1_167' title='bbox 844 1265 972 1318; x_wconf 89' lang='lat' dir='ltr'>atque</span> <span class='ocrx_word' id='word_1_168' title='bbox 998 1262 1092 1318; x_wconf 90' lang='lat' dir='ltr'>ipse</span> <span class='ocrx_word' id='word_1_169' title='bbox 1117 1262 1296 1305; x_wconf 90' lang='lat' dir='ltr'>visendo</span> <span class='ocrx_word' id='word_1_170' title='bbox 1318 1262 1408 1304; x_wconf 88' lang='lat' dir='ltr'>eius</span> <span class='ocrx_word' id='word_1_171' title='bbox 1434 1264 1654 1305; x_wconf 87' lang='lat' dir='ltr'>tormenta</span> <span class='ocrx_word' id='word_1_172' title='bbox 1680 1273 1723 1304; x_wconf 84' lang='lat'>15</span> 
     </span>
     <span class='ocr_line' id='line_1_21' title="bbox 83 1321 1653 1380; baseline -0.003 -12"><span class='ocrx_word' id='word_1_173' title='bbox 83 1325 136 1368; x_wconf 90' lang='lat' dir='ltr'>ad</span> <span class='ocrx_word' id='word_1_174' title='bbox 169 1324 474 1380; x_wconf 86' lang='lat' dir='ltr'>inpatientiam</span> <span class='ocrx_word' id='word_1_175' title='bbox 507 1322 788 1377; x_wconf 86' lang='lat' dir='ltr'>delaberetur,</span> <span class='ocrx_word' id='word_1_176' title='bbox 821 1322 974 1364; x_wconf 86' lang='lat' dir='ltr'>suadet</span> <span class='ocrx_word' id='word_1_177' title='bbox 1003 1322 1049 1364; x_wconf 88' lang='lat' dir='ltr'>in</span> <span class='ocrx_word' id='word_1_178' title='bbox 1083 1321 1200 1363; x_wconf 89' lang='lat' dir='ltr'>aliud</span> <span class='ocrx_word' id='word_1_179' title='bbox 1232 1321 1474 1364; x_wconf 90' lang='lat' dir='ltr'>cubiculum</span> <span class='ocrx_word' id='word_1_180' title='bbox 1507 1322 1653 1364; x_wconf 88' lang='lat' dir='ltr'>absce-</span> 
     </span>
     <span class='ocr_line' id='line_1_22' title="bbox 82 1380 1654 1438; baseline -0.003 -11"><span class='ocrx_word' id='word_1_181' title='bbox 82 1384 194 1427; x_wconf 89' lang='lat' dir='ltr'>dere.</span> <span class='ocrx_word' id='word_1_182' title='bbox 251 1386 294 1426; x_wconf 91' lang='lat' dir='ltr'>et</span> <span class='ocrx_word' id='word_1_183' title='bbox 324 1382 561 1426; x_wconf 89' lang='lat' dir='ltr'>novissimo</span> <span class='ocrx_word' id='word_1_184' title='bbox 600 1396 769 1438; x_wconf 91' lang='lat' dir='ltr'>quoque</span> <span class='ocrx_word' id='word_1_185' title='bbox 804 1383 1024 1424; x_wconf 90' lang='lat' dir='ltr'>momento</span> <span class='ocrx_word' id='word_1_186' title='bbox 1064 1380 1368 1436; x_wconf 86' lang='lat' dir='ltr'>suppeditante</span> <span class='ocrx_word' id='word_1_187' title='bbox 1408 1380 1654 1436; x_wconf 90' lang='lat' dir='ltr'>eloquentia</span> 
     </span>
     <span class='ocr_line' id='line_1_23' title="bbox 83 1440 1653 1497; baseline -0.003 -11"><span class='ocrx_word' id='word_1_188' title='bbox 83 1442 304 1486; x_wconf 87' lang='lat' dir='ltr'>advocatis</span> <span class='ocrx_word' id='word_1_189' title='bbox 338 1441 620 1497; x_wconf 88' lang='lat' dir='ltr'>scriptoribus</span> <span class='ocrx_word' id='word_1_190' title='bbox 658 1441 861 1496; x_wconf 90' lang='lat' dir='ltr'>pleraque</span> <span class='ocrx_word' id='word_1_191' title='bbox 898 1440 1097 1495; x_wconf 86' lang='lat' dir='ltr'>tradidit,</span> <span class='ocrx_word' id='word_1_192' title='bbox 1135 1454 1242 1495; x_wconf 86' lang='lat' dir='ltr'>quae</span> <span class='ocrx_word' id='word_1_193' title='bbox 1274 1441 1319 1482; x_wconf 91' lang='lat' dir='ltr'>in</span> <span class='ocrx_word' id='word_1_194' title='bbox 1351 1440 1507 1496; x_wconf 86' lang='lat' dir='ltr'>vulgus</span> <span class='ocrx_word' id='word_1_195' title='bbox 1539 1440 1653 1482; x_wconf 87' lang='lat' dir='ltr'>edita</span> 
     </span>
    </p>
   </div>
   <div class='ocr_carea' id='block_1_3' title="bbox 81 1500 1722 1674">
    <p class='ocr_par' dir='ltr' id='par_1_4' title="bbox 81 1500 1722 1674">
     <span class='ocr_line' id='line_1_24' title="bbox 82 1500 896 1555; baseline -0.004 -10"><span class='ocrx_word' id='word_1_196' title='bbox 82 1502 173 1555; x_wconf 80' lang='lat' dir='ltr'>eius</span> <span class='ocrx_word' id='word_1_197' title='bbox 205 1502 350 1544; x_wconf 87' lang='lat' dir='ltr'>verbis</span> <span class='ocrx_word' id='word_1_198' title='bbox 382 1502 594 1543; x_wconf 86' lang='lat' dir='ltr'>invertere</span> <span class='ocrx_word' id='word_1_199' title='bbox 626 1500 896 1554; x_wconf 88' lang='lat' dir='ltr'>supersedeo.</span> 
     </span>
     <span class='ocr_line' id='line_1_25' title="bbox 199 1558 1722 1615; baseline -0.001 -12"><span class='ocrx_word' id='word_1_200' title='bbox 199 1561 261 1603; x_wconf 88' lang='lat' dir='ltr'>At</span> <span class='ocrx_word' id='word_1_201' title='bbox 290 1560 406 1604; x_wconf 90' lang='lat' dir='ltr'>Nero</span> <span class='ocrx_word' id='word_1_202' title='bbox 438 1559 559 1602; x_wconf 90' lang='lat' dir='ltr'>nullo</span> <span class='ocrx_word' id='word_1_203' title='bbox 590 1560 635 1602; x_wconf 89' lang='lat' dir='ltr'>in</span> <span class='ocrx_word' id='word_1_204' title='bbox 665 1558 896 1601; x_wconf 89' lang='lat' dir='ltr'>Paulinam</span> <span class='ocrx_word' id='word_1_205' title='bbox 926 1559 1103 1615; x_wconf 86' lang='lat' dir='ltr'>proprio</span> <span class='ocrx_word' id='word_1_206' title='bbox 1136 1559 1252 1614; x_wconf 91' lang='lat' dir='ltr'>odio,</span> <span class='ocrx_word' id='word_1_207' title='bbox 1285 1574 1333 1601; x_wconf 87' lang='lat' dir='ltr'>ac</span> <span class='ocrx_word' id='word_1_208' title='bbox 1366 1573 1421 1601; x_wconf 90' lang='lat' dir='ltr'>ne</span> <span class='ocrx_word' id='word_1_209' title='bbox 1453 1559 1652 1615; x_wconf 85' lang='lat' dir='ltr'>glisceret</span> <span class='ocrx_word' id='word_1_210' title='bbox 1665 1558 1722 1602; x_wconf 85' lang='lat'>64</span> 
     </span>
     <span class='ocr_line' id='line_1_26' title="bbox 81 1618 1651 1674; baseline -0.002 -11"><span class='ocrx_word' id='word_1_211' title='bbox 81 1620 242 1663; x_wconf 84' lang='lat' dir='ltr'>invidia</span> <span class='ocrx_word' id='word_1_212' title='bbox 275 1619 559 1674; x_wconf 85' lang='lat' dir='ltr'>crudelitatis,</span> <span class='ocrx_word' id='word_1_213' title='bbox 597 1618 707 1661; x_wconf 79' lang='lat' dir='ltr'>iubet</span> <span class='ocrx_word' id='word_1_214' title='bbox 729 1618 921 1668; x_wconf 65' lang='lat' dir='ltr'>‚inhiberi</span> <span class='ocrx_word' id='word_1_215' title='bbox 952 1620 1148 1661; x_wconf 89' lang='lat' dir='ltr'>mortem.</span> <span class='ocrx_word' id='word_1_216' title='bbox 1191 1618 1475 1673; x_wconf 67' lang='lat' dir='ltr'>¹hortantibus</span> <span class='ocrx_word' id='word_1_217' title='bbox 1506 1618 1651 1661; x_wconf 91' lang='lat' dir='ltr'>militi-</span> 
     </span>
    </p>
   </div>
   <div class='ocr_carea' id='block_1_4' title="bbox 899 1722 1650 2051">
    <p class='ocr_par' dir='ltr' id='par_1_5' title="bbox 899 1722 1650 2051">
     <span class='ocr_line' id='line_1_27' title="bbox 900 1722 1650 1768; baseline 0.001 -10"><span class='ocrx_word' id='word_1_218' title='bbox 900 1723 957 1759; x_wconf 90' lang='lat' dir='ltr'>tiv</span> <span class='ocrx_word' id='word_1_219' title='bbox 993 1723 1061 1768; x_wconf 87' lang='lat' dir='ltr'>ist,</span> <span class='ocrx_word' id='word_1_220' title='bbox 1098 1722 1188 1758; x_wconf 77' lang='lat' dir='ltr'>l&#39;afst</span> <span class='ocrx_word' id='word_1_221' title='bbox 1219 1722 1298 1758; x_wconf 84' lang='lat' dir='ltr'>sich</span> <span class='ocrx_word' id='word_1_222' title='bbox 1329 1722 1435 1758; x_wconf 91' lang='lat' dir='ltr'>nicht</span> <span class='ocrx_word' id='word_1_223' title='bbox 1466 1723 1650 1759; x_wconf 84' lang='lat' dir='ltr'>entschei·</span> 
     </span>
     <span class='ocr_line' id='line_1_28' title="bbox 901 1769 1649 1816; baseline 0.001 -11"><span class='ocrx_word' id='word_1_224' title='bbox 901 1770 989 1813; x_wconf 90' lang='lat' dir='ltr'>den,</span> <span class='ocrx_word' id='word_1_225' title='bbox 1031 1770 1128 1806; x_wconf 86' lang='lat' dir='ltr'>doch</span> <span class='ocrx_word' id='word_1_226' title='bbox 1165 1770 1310 1816; x_wconf 88' lang='lat' dir='ltr'>spricht</span> <span class='ocrx_word' id='word_1_227' title='bbox 1348 1771 1414 1806; x_wconf 90' lang='lat' dir='ltr'>der</span> <span class='ocrx_word' id='word_1_228' title='bbox 1450 1769 1649 1806; x_wconf 86' lang='lat' dir='ltr'>Gebrauch</span> 
     </span>
     <span class='ocr_line' id='line_1_29' title="bbox 899 1816 1649 1853; baseline 0.003 -2"><span class='ocrx_word' id='word_1_229' title='bbox 899 1817 950 1852; x_wconf 90' lang='lat' dir='ltr'>im</span> <span class='ocrx_word' id='word_1_230' title='bbox 978 1817 1166 1853; x_wconf 88' lang='lat' dir='ltr'>silbernen</span> <span class='ocrx_word' id='word_1_231' title='bbox 1191 1816 1324 1853; x_wconf 85' lang='lat' dir='ltr'>Latein</span> <span class='ocrx_word' id='word_1_232' title='bbox 1349 1818 1456 1853; x_wconf 88' lang='lat' dir='ltr'>mehr</span> <span class='ocrx_word' id='word_1_233' title='bbox 1485 1818 1545 1853; x_wconf 73' lang='lat' dir='ltr'>fur</span> <span class='ocrx_word' id='word_1_234' title='bbox 1576 1818 1649 1853; x_wconf 90' lang='lat' dir='ltr'>den</span> 
     </span>
     <span class='ocr_line' id='line_1_30' title="bbox 901 1864 1647 1910; baseline 0.001 -11"><span class='ocrx_word' id='word_1_235' title='bbox 901 1864 1064 1901; x_wconf 87' lang='lat' dir='ltr'>Ablativ.</span> <span class='ocrx_word' id='word_1_236' title='bbox 1099 1865 1146 1900; x_wconf 88' lang='lat' dir='ltr'>So</span> <span class='ocrx_word' id='word_1_237' title='bbox 1174 1869 1206 1908; x_wconf 92' lang='lat'>1,</span> <span class='ocrx_word' id='word_1_238' title='bbox 1226 1868 1270 1900; x_wconf 88' lang='grc'>22</span> <span class='ocrx_word' id='word_1_239' title='bbox 1296 1866 1496 1910; x_wconf 76' lang='lat' dir='ltr'>sepultura.</span> <span class='ocrx_word' id='word_1_240' title='bbox 1531 1865 1647 1901; x_wconf 89' lang='lat' dir='ltr'>Zwei-</span> 
     </span>
     <span class='ocr_line' id='line_1_31' title="bbox 899 1910 1647 1957; baseline 0.004 -12"><span class='ocrx_word' id='word_1_241' title='bbox 899 1910 1037 1947; x_wconf 85' lang='lat' dir='ltr'>felhaft</span> <span class='ocrx_word' id='word_1_242' title='bbox 1073 1912 1168 1947; x_wconf 88' lang='lat' dir='ltr'>auch</span> <span class='ocrx_word' id='word_1_243' title='bbox 1199 1910 1321 1948; x_wconf 81' lang='lat' dir='ltr'>Germ.</span> <span class='ocrx_word' id='word_1_244' title='bbox 1356 1916 1399 1947; x_wconf 83' lang='lat'>33</span> <span class='ocrx_word' id='word_1_245' title='bbox 1431 1913 1647 1957; x_wconf 80' lang='lat' dir='ltr'>spectaculo,</span> 
     </span>
     <span class='ocr_line' id='line_1_32' title="bbox 899 1958 1646 2005; baseline 0.004 -12"><span class='ocrx_word' id='word_1_246' title='bbox 899 1959 975 1993; x_wconf 88' lang='lat' dir='ltr'>und</span> <span class='ocrx_word' id='word_1_247' title='bbox 1002 1959 1070 1994; x_wconf 89' lang='lat' dir='ltr'>mit</span> <span class='ocrx_word' id='word_1_248' title='bbox 1094 1958 1209 1994; x_wconf 87' lang='lat' dir='ltr'>Dativ</span> <span class='ocrx_word' id='word_1_249' title='bbox 1240 1959 1306 1994; x_wconf 89' lang='lat' dir='ltr'>der</span> <span class='ocrx_word' id='word_1_250' title='bbox 1333 1959 1452 1995; x_wconf 87' lang='lat' dir='ltr'>Sache</span> <span class='ocrx_word' id='word_1_251' title='bbox 1478 1970 1561 1995; x_wconf 83' lang='lat' dir='ltr'>ann.</span> <span class='ocrx_word' id='word_1_252' title='bbox 1591 1964 1646 2005; x_wconf 84' lang='lat'>13,</span> 
     </span>
     <span class='ocr_line' id='line_1_33' title="bbox 899 2006 1082 2051; baseline 0.005 -10"><span class='ocrx_word' id='word_1_253' title='bbox 899 2010 944 2041; x_wconf 87' lang='lat'>53</span> <span class='ocrx_word' id='word_1_254' title='bbox 970 2006 1082 2051; x_wconf 81' lang='lat' dir='ltr'>operi.</span> 
     </span>
    </p>
   </div>
   <div class='ocr_carea' id='block_1_5' title="bbox 73 1723 828 2054">
    <p class='ocr_par' dir='ltr' id='par_1_6' title="bbox 81 1723 828 1817">
     <span class='ocr_line' id='line_1_34' title="bbox 128 1723 828 1770; baseline -0.004 -9"><span class='ocrx_word' id='word_1_255' title='bbox 128 1729 160 1761; x_wconf 89' lang='lat'>8.</span> <span class='ocrx_word' id='word_1_256' title='bbox 186 1725 400 1770; x_wconf 76' lang='lat' dir='ltr'>sapientiae.</span> <span class='ocrx_word' id='word_1_257' title='bbox 450 1723 520 1759; x_wconf 88' lang='lat' dir='ltr'>Die</span> <span class='ocrx_word' id='word_1_258' title='bbox 551 1723 713 1759; x_wconf 85' lang='lat' dir='ltr'>stoische</span> <span class='ocrx_word' id='word_1_259' title='bbox 739 1723 828 1758; x_wconf 89' lang='lat' dir='ltr'>Phi-</span> 
     </span>
     <span class='ocr_line' id='line_1_35' title="bbox 81 1770 530 1817; baseline -0.002 -11"><span class='ocrx_word' id='word_1_260' title='bbox 81 1771 252 1817; x_wconf 87' lang='lat' dir='ltr'>losophie</span> <span class='ocrx_word' id='word_1_261' title='bbox 276 1771 329 1807; x_wconf 86' lang='lat' dir='ltr'>ist</span> <span class='ocrx_word' id='word_1_262' title='bbox 352 1770 530 1817; x_wconf 85' lang='lat' dir='ltr'>gemeint.</span> 
     </span>
    </p>

    <p class='ocr_par' dir='ltr' id='par_1_7' title="bbox 73 1817 827 2054">
     <span class='ocr_line' id='line_1_36' title="bbox 130 1817 826 1864; baseline -0.003 -10"><span class='ocrx_word' id='word_1_263' title='bbox 130 1823 183 1855; x_wconf 93' lang='grc'>10.</span> <span class='ocrx_word' id='word_1_264' title='bbox 209 1819 429 1864; x_wconf 77' lang='lat' dir='ltr'>fratremque</span> <span class='ocrx_word' id='word_1_265' title='bbox 453 1818 530 1853; x_wconf 87' lang='lat' dir='ltr'>scil.</span> <span class='ocrx_word' id='word_1_266' title='bbox 559 1817 826 1853; x_wconf 79' lang='lat' dir='ltr'>Britannicum.</span> 
     </span>
     <span class='ocr_line' id='line_1_37' title="bbox 78 1865 827 1911; baseline -0.004 -9"><span class='ocrx_word' id='word_1_267' title='bbox 78 1867 137 1902; x_wconf 84' lang='lat' dir='ltr'>Da</span> <span class='ocrx_word' id='word_1_268' title='bbox 173 1865 234 1901; x_wconf 92' lang='lat' dir='ltr'>die</span> <span class='ocrx_word' id='word_1_269' title='bbox 273 1865 511 1911; x_wconf 65' lang='lat' dir='ltr'>Erwahnung</span> <span class='ocrx_word' id='word_1_270' title='bbox 549 1875 621 1900; x_wconf 89' lang='lat' dir='ltr'>von</span> <span class='ocrx_word' id='word_1_271' title='bbox 660 1865 752 1899; x_wconf 87' lang='lat' dir='ltr'>zwei</span> <span class='ocrx_word' id='word_1_272' title='bbox 787 1876 827 1900; x_wconf 88' lang='lat' dir='ltr'>so</span> 
     </span>
     <span class='ocr_line' id='line_1_38' title="bbox 80 1911 827 1957; baseline -0.004 -8"><span class='ocrx_word' id='word_1_273' title='bbox 80 1914 271 1949; x_wconf 84' lang='lat' dir='ltr'>schweren</span> <span class='ocrx_word' id='word_1_274' title='bbox 308 1911 547 1948; x_wconf 89' lang='lat' dir='ltr'>Verbrechen</span> <span class='ocrx_word' id='word_1_275' title='bbox 583 1913 744 1957; x_wconf 73' lang='lat' dir='ltr'>genfigt‚</span> <span class='ocrx_word' id='word_1_276' title='bbox 787 1923 827 1947; x_wconf 88' lang='lat' dir='ltr'>so</span> 
     </span>
     <span class='ocr_line' id='line_1_39' title="bbox 78 1958 826 1996; baseline -0.004 0"><span class='ocrx_word' id='word_1_277' title='bbox 78 1961 240 1996; x_wconf 85' lang='lat' dir='ltr'>braucht</span> <span class='ocrx_word' id='word_1_278' title='bbox 263 1971 351 1995; x_wconf 88' lang='lat' dir='ltr'>man</span> <span class='ocrx_word' id='word_1_279' title='bbox 374 1960 481 1995; x_wconf 89' lang='lat' dir='ltr'>nicht</span> <span class='ocrx_word' id='word_1_280' title='bbox 506 1958 623 1994; x_wconf 88' lang='lat' dir='ltr'>durch</span> <span class='ocrx_word' id='word_1_281' title='bbox 648 1958 708 1994; x_wconf 86' lang='lat' dir='ltr'>die</span> <span class='ocrx_word' id='word_1_282' title='bbox 726 1958 826 1994; x_wconf 90' lang='lat' dir='ltr'>Kon-</span> 
     </span>
     <span class='ocr_line' id='line_1_40' title="bbox 73 2005 823 2054; baseline -0.004 -11"><span class='ocrx_word' id='word_1_283' title='bbox 73 2008 204 2054; x_wconf 84' lang='lat' dir='ltr'>jektur</span> <span class='ocrx_word' id='word_1_284' title='bbox 228 2008 363 2050; x_wconf 81' lang='lat' dir='ltr'>fratres</span> <span class='ocrx_word' id='word_1_285' title='bbox 381 2006 660 2050; x_wconf 87' lang='lat' dir='ltr'>(Geschwister)</span> <span class='ocrx_word' id='word_1_286' title='bbox 680 2005 739 2041; x_wconf 91' lang='lat' dir='ltr'>die</span> <span class='ocrx_word' id='word_1_287' title='bbox 758 2005 823 2040; x_wconf 88' lang='lat' dir='ltr'>Er-</span> 
     </span>
    </p>
   </div>
   <div class='ocr_carea' id='block_1_6' title="bbox 77 2053 824 2100">
    <p class='ocr_par' dir='ltr' id='par_1_8' title="bbox 77 2053 824 2100">
     <span class='ocr_line' id='line_1_41' title="bbox 77 2053 824 2100; baseline -0.001 -10"><span class='ocrx_word' id='word_1_288' title='bbox 77 2055 263 2100; x_wconf 86' lang='lat' dir='ltr'>mordung</span> <span class='ocrx_word' id='word_1_289' title='bbox 281 2054 347 2090; x_wconf 86' lang='lat' dir='ltr'>der</span> <span class='ocrx_word' id='word_1_290' title='bbox 367 2053 524 2091; x_wconf 79' lang='lat' dir='ltr'>Octavia</span> <span class='ocrx_word' id='word_1_291' title='bbox 541 2053 824 2098; x_wconf 73' lang='lat' dir='ltr'>hinzuzufi‘igen.</span> 
     </span>
    </p>
   </div>
   <div class='ocr_carea' id='block_1_7' title="bbox 75 2148 826 2903">
    <p class='ocr_par' dir='ltr' id='par_1_9' title="bbox 76 2148 826 2429">
     <span class='ocr_line' id='line_1_42' title="bbox 125 2148 823 2193; baseline -0.004 -8"><span class='ocrx_word' id='word_1_292' title='bbox 125 2149 189 2186; x_wconf 77' lang='lat'>63.</span> <span class='ocrx_word' id='word_1_293' title='bbox 230 2153 260 2184; x_wconf 90' lang='lat'>1.</span> <span class='ocrx_word' id='word_1_294' title='bbox 299 2150 341 2185; x_wconf 79' lang='lat' dir='ltr'>in</span> <span class='ocrx_word' id='word_1_295' title='bbox 377 2160 561 2185; x_wconf 76' lang='lat' dir='ltr'>commune</span> <span class='ocrx_word' id='word_1_296' title='bbox 606 2148 688 2193; x_wconf 73' lang='lat' dir='ltr'>„fiir</span> <span class='ocrx_word' id='word_1_297' title='bbox 726 2148 823 2183; x_wconf 87' lang='lat' dir='ltr'>alle“</span> 
     </span>
     <span class='ocr_line' id='line_1_43' title="bbox 77 2196 825 2238; baseline -0.003 -6"><span class='ocrx_word' id='word_1_298' title='bbox 77 2196 148 2232; x_wconf 87' lang='lat' dir='ltr'>wie</span> <span class='ocrx_word' id='word_1_299' title='bbox 179 2200 212 2238; x_wconf 82' lang='lat'>4,</span> <span class='ocrx_word' id='word_1_300' title='bbox 246 2201 290 2233; x_wconf 82' lang='lat'>67</span> <span class='ocrx_word' id='word_1_301' title='bbox 328 2198 370 2232; x_wconf 76' lang='lat' dir='ltr'>in</span> <span class='ocrx_word' id='word_1_302' title='bbox 407 2207 590 2232; x_wconf 76' lang='lat' dir='ltr'>commune</span> <span class='ocrx_word' id='word_1_303' title='bbox 620 2196 825 2231; x_wconf 78' lang='lat' dir='ltr'>consultare</span> 
     </span>
     <span class='ocr_line' id='line_1_44' title="bbox 77 2243 822 2289; baseline 0 -10"><span class='ocrx_word' id='word_1_304' title='bbox 77 2244 469 2289; x_wconf 88' lang='lat' dir='ltr'>(gemeinschaftlich).</span> <span class='ocrx_word' id='word_1_305' title='bbox 519 2243 606 2288; x_wconf 82' lang='lat' dir='ltr'>Agr.</span> <span class='ocrx_word' id='word_1_306' title='bbox 635 2246 678 2277; x_wconf 83' lang='lat'>12</span> <span class='ocrx_word' id='word_1_307' title='bbox 715 2243 759 2278; x_wconf 76' lang='lat' dir='ltr'>in</span> <span class='ocrx_word' id='word_1_308' title='bbox 794 2253 822 2279; x_wconf 83' lang='lat' dir='ltr'>c.</span> 
     </span>
     <span class='ocr_line' id='line_1_45' title="bbox 77 2290 825 2335; baseline -0.004 -8"><span class='ocrx_word' id='word_1_309' title='bbox 77 2292 274 2335; x_wconf 75' lang='lat' dir='ltr'>consulere3</span> <span class='ocrx_word' id='word_1_310' title='bbox 306 2291 481 2326; x_wconf 87' lang='lat' dir='ltr'>letzteres</span> <span class='ocrx_word' id='word_1_311' title='bbox 513 2290 628 2326; x_wconf 88' lang='lat' dir='ltr'>schon</span> <span class='ocrx_word' id='word_1_312' title='bbox 659 2290 720 2325; x_wconf 92' lang='lat' dir='ltr'>bei</span> <span class='ocrx_word' id='word_1_313' title='bbox 753 2290 825 2325; x_wconf 91' lang='lat' dir='ltr'>den</span> 
     </span>
     <span class='ocr_line' id='line_1_46' title="bbox 76 2337 826 2374; baseline -0.001 -1"><span class='ocrx_word' id='word_1_314' title='bbox 76 2337 291 2374; x_wconf 83' lang='lat' dir='ltr'>Komikern.</span> <span class='ocrx_word' id='word_1_315' title='bbox 360 2337 507 2374; x_wconf 88' lang='lat' dir='ltr'>Cicero:</span> <span class='ocrx_word' id='word_1_316' title='bbox 558 2339 599 2372; x_wconf 76' lang='lat' dir='ltr'>in</span> <span class='ocrx_word' id='word_1_317' title='bbox 642 2348 826 2372; x_wconf 82' lang='lat' dir='ltr'>commwne</span> 
     </span>
     <span class='ocr_line' id='line_1_47' title="bbox 77 2386 251 2429; baseline -0.006 -8"><span class='ocrx_word' id='word_1_318' title='bbox 77 2386 251 2429; x_wconf 75' lang='lat' dir='ltr'>conferre.</span> 
     </span>
    </p>

    <p class='ocr_par' dir='ltr' id='par_1_10' title="bbox 75 2431 824 2715">
     <span class='ocr_line' id='line_1_48' title="bbox 120 2431 824 2468; baseline -0.003 0"><span class='ocrx_word' id='word_1_319' title='bbox 120 2436 157 2468; x_wconf 81' lang='lat'>2.</span> <span class='ocrx_word' id='word_1_320' title='bbox 184 2433 360 2468; x_wconf 79' lang='lat' dir='ltr'>adversus</span> <span class='ocrx_word' id='word_1_321' title='bbox 384 2434 447 2468; x_wconf 89' lang='lat' dir='ltr'>ctt.</span> <span class='ocrx_word' id='word_1_322' title='bbox 474 2432 549 2467; x_wconf 90' lang='lat' dir='ltr'>Der</span> <span class='ocrx_word' id='word_1_323' title='bbox 575 2431 664 2467; x_wconf 88' lang='lat' dir='ltr'>Sinn</span> <span class='ocrx_word' id='word_1_324' title='bbox 690 2431 754 2467; x_wconf 81' lang='lat' dir='ltr'>ist:</span> <span class='ocrx_word' id='word_1_325' title='bbox 786 2443 824 2466; x_wconf 91' lang='lat' dir='ltr'>er</span> 
     </span>
     <span class='ocr_line' id='line_1_49' title="bbox 75 2478 823 2524; baseline -0.001 -9"><span class='ocrx_word' id='word_1_326' title='bbox 75 2480 179 2515; x_wconf 80' lang='lat' dir='ltr'>ward</span> <span class='ocrx_word' id='word_1_327' title='bbox 203 2481 319 2516; x_wconf 80' lang='lat' dir='ltr'>etwas</span> <span class='ocrx_word' id='word_1_328' title='bbox 344 2479 463 2515; x_wconf 84' lang='lat' dir='ltr'>weich</span> <span class='ocrx_word' id='word_1_329' title='bbox 486 2478 539 2514; x_wconf 91' lang='lat' dir='ltr'>im</span> <span class='ocrx_word' id='word_1_330' title='bbox 558 2479 823 2524; x_wconf 88' lang='lat' dir='ltr'>Widerspruch</span> 
     </span>
     <span class='ocr_line' id='line_1_50' title="bbox 76 2525 820 2571; baseline -0.003 -9"><span class='ocrx_word' id='word_1_331' title='bbox 76 2527 146 2563; x_wconf 91' lang='lat' dir='ltr'>mit</span> <span class='ocrx_word' id='word_1_332' title='bbox 165 2527 230 2562; x_wconf 88' lang='lat' dir='ltr'>der</span> <span class='ocrx_word' id='word_1_333' title='bbox 251 2526 378 2562; x_wconf 84' lang='lat' dir='ltr'>bisher</span> <span class='ocrx_word' id='word_1_334' title='bbox 396 2526 628 2562; x_wconf 86' lang='lat' dir='ltr'>bewiesenen</span> <span class='ocrx_word' id='word_1_335' title='bbox 642 2525 820 2571; x_wconf 85' lang='lat' dir='ltr'>Fassung.</span> 
     </span>
     <span class='ocr_line' id='line_1_51' title="bbox 75 2573 823 2620; baseline -0.003 -10"><span class='ocrx_word' id='word_1_336' title='bbox 75 2574 160 2620; x_wconf 87' lang='lat' dir='ltr'>Vgl.</span> <span class='ocrx_word' id='word_1_337' title='bbox 195 2578 228 2618; x_wconf 88' lang='grc'>6,</span> <span class='ocrx_word' id='word_1_338' title='bbox 262 2578 305 2609; x_wconf 89' lang='grc'>16</span> <span class='ocrx_word' id='word_1_339' title='bbox 338 2575 511 2609; x_wconf 75' lang='lat' dir='ltr'>adversus</span> <span class='ocrx_word' id='word_1_340' title='bbox 542 2574 659 2618; x_wconf 71' lang='lat' dir='ltr'>leyem.</span> <span class='ocrx_word' id='word_1_341' title='bbox 710 2573 823 2609; x_wconf 87' lang='lat' dir='ltr'>Sonst</span> 
     </span>
     <span class='ocr_line' id='line_1_52' title="bbox 75 2620 820 2665; baseline -0.001 -9"><span class='ocrx_word' id='word_1_342' title='bbox 75 2622 143 2656; x_wconf 87' lang='lat' dir='ltr'>hat</span> <span class='ocrx_word' id='word_1_343' title='bbox 175 2622 263 2657; x_wconf 89' lang='lat' dir='ltr'>Tac.</span> <span class='ocrx_word' id='word_1_344' title='bbox 296 2621 404 2656; x_wconf 69' lang='lat' dir='ltr'>dafiir</span> <span class='ocrx_word' id='word_1_345' title='bbox 436 2624 572 2657; x_wconf 78' lang='lat' dir='ltr'>contra.</span> <span class='ocrx_word' id='word_1_346' title='bbox 613 2621 671 2665; x_wconf 91' lang='lat' dir='ltr'>(A.</span> <span class='ocrx_word' id='word_1_347' title='bbox 699 2620 820 2655; x_wconf 88' lang='lat' dir='ltr'>Greef.</span> 
     </span>
     <span class='ocr_line' id='line_1_53' title="bbox 77 2668 425 2715; baseline -0.003 -11"><span class='ocrx_word' id='word_1_348' title='bbox 77 2668 281 2715; x_wconf 69' lang='lat' dir='ltr'>Gottingen</span> <span class='ocrx_word' id='word_1_349' title='bbox 307 2670 425 2714; x_wconf 87' lang='grc'><strong>1869.)</strong></span> 
     </span>
    </p>

    <p class='ocr_par' dir='ltr' id='par_1_11' title="bbox 77 2714 822 2846">
     <span class='ocr_line' id='line_1_54' title="bbox 125 2714 820 2761; baseline -0.004 -9"><span class='ocrx_word' id='word_1_350' title='bbox 125 2720 157 2752; x_wconf 83' lang='grc'>3.</span> <span class='ocrx_word' id='word_1_351' title='bbox 195 2719 391 2761; x_wconf 77' lang='lat' dir='ltr'>temperare</span> <span class='ocrx_word' id='word_1_352' title='bbox 427 2715 498 2750; x_wconf 87' lang='lat' dir='ltr'>mit</span> <span class='ocrx_word' id='word_1_353' title='bbox 534 2715 616 2749; x_wconf 87' lang='lat' dir='ltr'>dem</span> <span class='ocrx_word' id='word_1_354' title='bbox 655 2714 820 2750; x_wconf 90' lang='lat' dir='ltr'>Infinitiv</span> 
     </span>
     <span class='ocr_line' id='line_1_55' title="bbox 77 2761 822 2807; baseline -0.003 -9"><span class='ocrx_word' id='word_1_355' title='bbox 77 2763 127 2799; x_wconf 90' lang='lat' dir='ltr'>ist</span> <span class='ocrx_word' id='word_1_356' title='bbox 163 2763 414 2807; x_wconf 86' lang='lat' dir='ltr'>unklassisch,</span> <span class='ocrx_word' id='word_1_357' title='bbox 458 2762 577 2797; x_wconf 86' lang='lat' dir='ltr'>findet</span> <span class='ocrx_word' id='word_1_358' title='bbox 614 2761 694 2797; x_wconf 91' lang='lat' dir='ltr'>sich</span> <span class='ocrx_word' id='word_1_359' title='bbox 732 2761 822 2797; x_wconf 87' lang='lat' dir='ltr'>aber</span> 
     </span>
     <span class='ocr_line' id='line_1_56' title="bbox 78 2810 486 2846; baseline 0.002 -1"><span class='ocrx_word' id='word_1_360' title='bbox 78 2810 192 2846; x_wconf 85' lang='lat' dir='ltr'>sehon</span> <span class='ocrx_word' id='word_1_361' title='bbox 215 2810 268 2846; x_wconf 89' lang='lat' dir='ltr'>im</span> <span class='ocrx_word' id='word_1_362' title='bbox 293 2810 486 2846; x_wconf 86' lang='lat' dir='ltr'>Altlatein.</span> 
     </span>
    </p>

    <p class='ocr_par' dir='ltr' id='par_1_12' title="bbox 124 2856 819 2903">
     <span class='ocr_line' id='line_1_57' title="bbox 124 2856 819 2903; baseline -0.001 -11"><span class='ocrx_word' id='word_1_363' title='bbox 124 2861 156 2893; x_wconf 83' lang='grc'>9.</span> <span class='ocrx_word' id='word_1_364' title='bbox 184 2857 241 2893; x_wconf 93' lang='lat' dir='ltr'>Ob</span> <span class='ocrx_word' id='word_1_365' title='bbox 266 2858 425 2903; x_wconf 78' lang='lat' dir='ltr'>eoeemplo</span> <span class='ocrx_word' id='word_1_366' title='bbox 449 2857 562 2893; x_wconf 88' lang='lat' dir='ltr'>Dativ</span> <span class='ocrx_word' id='word_1_367' title='bbox 595 2856 683 2892; x_wconf 92' lang='lat' dir='ltr'>oder</span> <span class='ocrx_word' id='word_1_368' title='bbox 708 2856 819 2892; x_wconf 86' lang='lat' dir='ltr'>Abla-</span> 
     </span>
    </p>
   </div>
   <div class='ocr_carea' id='block_1_8' title="bbox 892 2054 1647 2895">
    <p class='ocr_par' dir='ltr' id='par_1_13' title="bbox 897 2054 1647 2148">
     <span class='ocr_line' id='line_1_58' title="bbox 947 2054 1647 2090; baseline 0.003 -2"><span class='ocrx_word' id='word_1_369' title='bbox 947 2057 1002 2088; x_wconf 89' lang='lat'>11.</span> <span class='ocrx_word' id='word_1_370' title='bbox 1030 2054 1180 2090; x_wconf 75' lang='lat' dir='ltr'>brachia</span> <span class='ocrx_word' id='word_1_371' title='bbox 1206 2055 1301 2090; x_wconf 83' lang='lat' dir='ltr'>statt</span> <span class='ocrx_word' id='word_1_372' title='bbox 1329 2065 1439 2090; x_wconf 73' lang='lat' dir='ltr'>venas</span> <span class='ocrx_word' id='word_1_373' title='bbox 1469 2055 1647 2090; x_wconf 75' lang='lat' dir='ltr'>exsolvere</span> 
     </span>
     <span class='ocr_line' id='line_1_59' title="bbox 897 2098 1643 2148; baseline 0.003 -13"><span class='ocrx_word' id='word_1_374' title='bbox 897 2101 1083 2145; x_wconf 68' lang='lat' dir='ltr'>(letzteres</span> <span class='ocrx_word' id='word_1_375' title='bbox 1091 2106 1123 2146; x_wconf 89' lang='lat'>4,</span> <span class='ocrx_word' id='word_1_376' title='bbox 1132 2105 1186 2137; x_wconf 81' lang='lat'>22.</span> <span class='ocrx_word' id='word_1_377' title='bbox 1198 2105 1216 2136; x_wconf 94' lang='lat'>1</span> <span class='ocrx_word' id='word_1_378' title='bbox 1224 2107 1254 2146; x_wconf 94' lang='lat'>1,</span> <span class='ocrx_word' id='word_1_379' title='bbox 1262 2106 1295 2137; x_wconf 88' lang='lat'>3.</span> <span class='ocrx_word' id='word_1_380' title='bbox 1308 2103 1432 2146; x_wconf 81' lang='grc'><strong>16,17)</strong></span> <span class='ocrx_word' id='word_1_381' title='bbox 1443 2101 1493 2137; x_wconf 76' lang='lat' dir='ltr'>ist</span> <span class='ocrx_word' id='word_1_382' title='bbox 1502 2098 1567 2137; x_wconf 78' lang='grc' dir='ltr'>ἅπ.</span> <span class='ocrx_word' id='word_1_383' title='bbox 1577 2101 1643 2148; x_wconf 80' lang='grc' dir='ltr'><em>εῖρ.</em></span> 
     </span>
    </p>

    <p class='ocr_par' dir='ltr' id='par_1_14' title="bbox 897 2150 1645 2334">
     <span class='ocr_line' id='line_1_60' title="bbox 948 2150 1645 2194; baseline 0.003 -11"><span class='ocrx_word' id='word_1_384' title='bbox 948 2152 1002 2183; x_wconf 89' lang='grc'>12.</span> <span class='ocrx_word' id='word_1_385' title='bbox 1035 2152 1184 2185; x_wconf 72' lang='lat' dir='ltr'>tenuare</span> <span class='ocrx_word' id='word_1_386' title='bbox 1216 2150 1308 2184; x_wconf 88' lang='lat' dir='ltr'>statt</span> <span class='ocrx_word' id='word_1_387' title='bbox 1336 2153 1532 2185; x_wconf 73' lang='lat' dir='ltr'>extenuare</span> <span class='ocrx_word' id='word_1_388' title='bbox 1561 2152 1645 2194; x_wconf 91' lang='lat' dir='ltr'>(nur</span> 
     </span>
     <span class='ocr_line' id='line_1_61' title="bbox 897 2194 1644 2241; baseline 0.004 -12"><span class='ocrx_word' id='word_1_389' title='bbox 897 2194 977 2230; x_wconf 86' lang='lat' dir='ltr'>hier</span> <span class='ocrx_word' id='word_1_390' title='bbox 1002 2196 1079 2231; x_wconf 90' lang='lat' dir='ltr'>und</span> <span class='ocrx_word' id='word_1_391' title='bbox 1103 2197 1190 2241; x_wconf 86' lang='lat' dir='ltr'>Agr.</span> <span class='ocrx_word' id='word_1_392' title='bbox 1215 2198 1271 2241; x_wconf 89' lang='grc'>10)</span> <span class='ocrx_word' id='word_1_393' title='bbox 1299 2197 1401 2232; x_wconf 87' lang='lat' dir='ltr'>steht</span> <span class='ocrx_word' id='word_1_394' title='bbox 1425 2196 1497 2232; x_wconf 85' lang='lat' dir='ltr'>seit</span> <span class='ocrx_word' id='word_1_395' title='bbox 1521 2196 1644 2233; x_wconf 86' lang='lat' dir='ltr'>Horaz</span> 
     </span>
     <span class='ocr_line' id='line_1_62' title="bbox 897 2242 1644 2288; baseline 0.005 -12"><span class='ocrx_word' id='word_1_396' title='bbox 897 2242 1025 2287; x_wconf 77' lang='lat' dir='ltr'>h&#39;aufig</span> <span class='ocrx_word' id='word_1_397' title='bbox 1035 2243 1096 2279; x_wconf 92' lang='lat' dir='ltr'>bei</span> <span class='ocrx_word' id='word_1_398' title='bbox 1106 2243 1337 2279; x_wconf 86' lang='lat' dir='ltr'>klassischen</span> <span class='ocrx_word' id='word_1_399' title='bbox 1346 2244 1536 2288; x_wconf 87' lang='lat' dir='ltr'>Dichtern,</span> <span class='ocrx_word' id='word_1_400' title='bbox 1546 2245 1644 2280; x_wconf 82' lang='lat' dir='ltr'>daun</span> 
     </span>
     <span class='ocr_line' id='line_1_63' title="bbox 898 2290 1592 2334; baseline 0.003 -9"><span class='ocrx_word' id='word_1_401' title='bbox 898 2291 995 2325; x_wconf 87' lang='lat' dir='ltr'>auch</span> <span class='ocrx_word' id='word_1_402' title='bbox 1019 2290 1080 2326; x_wconf 91' lang='lat' dir='ltr'>bei</span> <span class='ocrx_word' id='word_1_403' title='bbox 1105 2291 1246 2327; x_wconf 88' lang='lat' dir='ltr'>Seneca</span> <span class='ocrx_word' id='word_1_404' title='bbox 1271 2291 1347 2326; x_wconf 89' lang='lat' dir='ltr'>und</span> <span class='ocrx_word' id='word_1_405' title='bbox 1374 2291 1592 2334; x_wconf 85' lang='lat' dir='ltr'>Quintilian.</span> 
     </span>
    </p>

    <p class='ocr_par' dir='ltr' id='par_1_15' title="bbox 895 2338 1643 2479">
     <span class='ocr_line' id='line_1_64' title="bbox 948 2338 1643 2383; baseline 0.003 -10"><span class='ocrx_word' id='word_1_406' title='bbox 948 2341 1001 2374; x_wconf 87' lang='lat'>13.</span> <span class='ocrx_word' id='word_1_407' title='bbox 1027 2338 1165 2383; x_wconf 76' lang='lat' dir='ltr'>effuyia</span> <span class='ocrx_word' id='word_1_408' title='bbox 1189 2340 1240 2373; x_wconf 91' lang='lat' dir='ltr'>im</span> <span class='ocrx_word' id='word_1_409' title='bbox 1263 2338 1393 2373; x_wconf 86' lang='lat' dir='ltr'>Plural</span> <span class='ocrx_word' id='word_1_410' title='bbox 1417 2339 1513 2374; x_wconf 85' lang='lat' dir='ltr'>auch</span> <span class='ocrx_word' id='word_1_411' title='bbox 1533 2342 1565 2383; x_wconf 89' lang='lat'>3,</span> <span class='ocrx_word' id='word_1_412' title='bbox 1586 2342 1643 2376; x_wconf 80' lang='lat'>42.</span> 
     </span>
     <span class='ocr_line' id='line_1_65' title="bbox 900 2386 1642 2430; baseline 0.004 -11"><span class='ocrx_word' id='word_1_413' title='bbox 900 2388 954 2428; x_wconf 88' lang='grc'>12,</span> <span class='ocrx_word' id='word_1_414' title='bbox 980 2389 1035 2420; x_wconf 88' lang='grc'>31.</span> <span class='ocrx_word' id='word_1_415' title='bbox 1078 2389 1132 2430; x_wconf 88' lang='grc'>16,</span> <span class='ocrx_word' id='word_1_416' title='bbox 1161 2389 1215 2420; x_wconf 82' lang='grc'>15.</span> <span class='ocrx_word' id='word_1_417' title='bbox 1265 2386 1413 2421; x_wconf 88' lang='lat' dir='ltr'>Ebenso</span> <span class='ocrx_word' id='word_1_418' title='bbox 1450 2386 1519 2422; x_wconf 87' lang='lat' dir='ltr'>hat</span> <span class='ocrx_word' id='word_1_419' title='bbox 1556 2387 1642 2422; x_wconf 89' lang='lat' dir='ltr'>Tac.</span> 
     </span>
     <span class='ocr_line' id='line_1_66' title="bbox 895 2432 1473 2479; baseline 0.003 -13"><span class='ocrx_word' id='word_1_420' title='bbox 895 2432 1023 2477; x_wconf 76' lang='lat' dir='ltr'>fuqae,</span> <span class='ocrx_word' id='word_1_421' title='bbox 1049 2433 1279 2478; x_wconf 76' lang='lat' dir='ltr'>transfuyia,</span> <span class='ocrx_word' id='word_1_422' title='bbox 1305 2433 1473 2479; x_wconf 75' lang='lat' dir='ltr'>diffuyia.</span> 
     </span>
    </p>

    <p class='ocr_par' dir='ltr' id='par_1_16' title="bbox 894 2470 1641 2570">
     <span class='ocr_line' id='line_1_67' title="bbox 947 2470 1641 2515; baseline 0.003 -2"><span class='ocrx_word' id='word_1_423' title='bbox 947 2483 1001 2514; x_wconf 83' lang='lat'>16.</span> <span class='ocrx_word' id='word_1_424' title='bbox 1034 2470 1133 2515; x_wconf 72' lang='lat' dir='ltr'>Uber</span> <span class='ocrx_word' id='word_1_425' title='bbox 1163 2480 1315 2515; x_wconf 80' lang='lat' dir='ltr'>suadere</span> <span class='ocrx_word' id='word_1_426' title='bbox 1345 2480 1415 2514; x_wconf 69' lang='lat' dir='ltr'>mit</span> <span class='ocrx_word' id='word_1_427' title='bbox 1447 2480 1533 2515; x_wconf 75' lang='lat' dir='ltr'>dem</span> <span class='ocrx_word' id='word_1_428' title='bbox 1558 2480 1641 2515; x_wconf 82' lang='lat' dir='ltr'>Infi-</span> 
     </span>
     <span class='ocr_line' id='line_1_68' title="bbox 894 2525 1421 2570; baseline 0.004 -10"><span class='ocrx_word' id='word_1_429' title='bbox 894 2525 991 2561; x_wconf 88' lang='lat' dir='ltr'>nitiv</span> <span class='ocrx_word' id='word_1_430' title='bbox 1017 2539 1044 2562; x_wconf 88' lang='lat' dir='ltr'>s.</span> <span class='ocrx_word' id='word_1_431' title='bbox 1070 2539 1114 2562; x_wconf 85' lang='lat' dir='ltr'>zu</span> <span class='ocrx_word' id='word_1_432' title='bbox 1143 2530 1196 2570; x_wconf 87' lang='lat'>13,</span> <span class='ocrx_word' id='word_1_433' title='bbox 1222 2531 1278 2562; x_wconf 79' lang='lat'>37.</span> <span class='ocrx_word' id='word_1_434' title='bbox 1306 2531 1338 2569; x_wconf 86' lang='lat'>3,</span> <span class='ocrx_word' id='word_1_435' title='bbox 1366 2531 1421 2562; x_wconf 85' lang='lat'>53.</span> 
     </span>
    </p>

    <p class='ocr_par' dir='ltr' id='par_1_17' title="bbox 894 2574 1640 2665">
     <span class='ocr_line' id='line_1_69' title="bbox 946 2574 1640 2620; baseline 0.006 -13"><span class='ocrx_word' id='word_1_436' title='bbox 946 2577 998 2608; x_wconf 82' lang='lat'>17.</span> <span class='ocrx_word' id='word_1_437' title='bbox 1026 2577 1058 2609; x_wconf 87' lang='lat' dir='ltr'>et</span> <span class='ocrx_word' id='word_1_438' title='bbox 1082 2584 1220 2619; x_wconf 77' lang='lat' dir='ltr'>quoque</span> <span class='ocrx_word' id='word_1_439' title='bbox 1241 2574 1312 2610; x_wconf 78' lang='lat' dir='ltr'>wie</span> <span class='ocrx_word' id='word_1_440' title='bbox 1331 2574 1401 2619; x_wconf 74' lang='grc' dir='ltr'>ΚΡ.</span> <span class='ocrx_word' id='word_1_441' title='bbox 1422 2578 1467 2610; x_wconf 88' lang='grc'>48</span> <span class='ocrx_word' id='word_1_442' title='bbox 1488 2578 1520 2609; x_wconf 89' lang='lat' dir='ltr'>et</span> <span class='ocrx_word' id='word_1_443' title='bbox 1539 2575 1640 2620; x_wconf 66' lang='grc' dir='ltr'><strong><em>ἑρπο-</em></strong></span> 
     </span>
     <span class='ocr_line' id='line_1_70' title="bbox 894 2620 1113 2665; baseline 0.009 -11"><span class='ocrx_word' id='word_1_444' title='bbox 894 2620 942 2655; x_wconf 85' lang='lat' dir='ltr'>tis</span> <span class='ocrx_word' id='word_1_445' title='bbox 966 2631 1113 2665; x_wconf 79' lang='lat' dir='ltr'>quoque.</span> 
     </span>
    </p>

    <p class='ocr_par' dir='ltr' id='par_1_18' title="bbox 895 2668 1641 2758">
     <span class='ocr_line' id='line_1_71' title="bbox 945 2668 1641 2712; baseline 0.004 -10"><span class='ocrx_word' id='word_1_446' title='bbox 945 2671 997 2702; x_wconf 88' lang='lat'>18.</span> <span class='ocrx_word' id='word_1_447' title='bbox 1020 2669 1213 2712; x_wconf 80' lang='lat' dir='ltr'>scriptores</span> <span class='ocrx_word' id='word_1_448' title='bbox 1233 2668 1427 2704; x_wconf 86' lang='lat' dir='ltr'>Schreiber</span> <span class='ocrx_word' id='word_1_449' title='bbox 1446 2671 1555 2705; x_wconf 89' lang='lat' dir='ltr'>unter</span> <span class='ocrx_word' id='word_1_450' title='bbox 1568 2670 1641 2705; x_wconf 90' lang='lat' dir='ltr'>den</span> 
     </span>
     <span class='ocr_line' id='line_1_72' title="bbox 895 2713 1448 2758; baseline 0.004 -9"><span class='ocrx_word' id='word_1_451' title='bbox 895 2713 1075 2758; x_wconf 86' lang='lat' dir='ltr'>Sklaven‚</span> <span class='ocrx_word' id='word_1_452' title='bbox 1101 2715 1196 2750; x_wconf 88' lang='lat' dir='ltr'>anch</span> <span class='ocrx_word' id='word_1_453' title='bbox 1222 2714 1284 2750; x_wconf 89' lang='lat' dir='ltr'>bei</span> <span class='ocrx_word' id='word_1_454' title='bbox 1310 2715 1448 2751; x_wconf 88' lang='lat' dir='ltr'>Cicero.</span> 
     </span>
    </p>

    <p class='ocr_par' dir='ltr' id='par_1_19' title="bbox 892 2763 1640 2895">
     <span class='ocr_line' id='line_1_73' title="bbox 944 2763 1639 2800; baseline 0.004 -3"><span class='ocrx_word' id='word_1_455' title='bbox 944 2766 996 2797; x_wconf 87' lang='lat'>19.</span> <span class='ocrx_word' id='word_1_456' title='bbox 1030 2763 1204 2798; x_wconf 70' lang='lat' dir='ltr'>invertere</span> <span class='ocrx_word' id='word_1_457' title='bbox 1232 2780 1276 2791; x_wconf 95' lang='lat'><strong><em>=</em></strong></span> <span class='ocrx_word' id='word_1_458' title='bbox 1305 2765 1532 2800; x_wconf 82' lang='lat' dir='ltr'>commutatis</span> <span class='ocrx_word' id='word_1_459' title='bbox 1561 2776 1639 2800; x_wconf 84' lang='lat' dir='ltr'>ver—</span> 
     </span>
     <span class='ocr_line' id='line_1_74' title="bbox 893 2809 1640 2855; baseline 0.004 -11"><span class='ocrx_word' id='word_1_460' title='bbox 893 2809 949 2844; x_wconf 84' lang='lat' dir='ltr'>bis</span> <span class='ocrx_word' id='word_1_461' title='bbox 971 2810 1117 2845; x_wconf 80' lang='lat' dir='ltr'>reddere</span> <span class='ocrx_word' id='word_1_462' title='bbox 1148 2810 1468 2855; x_wconf 84' lang='lat' dir='ltr'>„umgestalten“;</span> <span class='ocrx_word' id='word_1_463' title='bbox 1501 2822 1539 2847; x_wconf 87' lang='lat' dir='ltr'>so</span> <span class='ocrx_word' id='word_1_464' title='bbox 1570 2823 1640 2847; x_wconf 89' lang='lat' dir='ltr'>nur</span> 
     </span>
     <span class='ocr_line' id='line_1_75' title="bbox 892 2855 1637 2895; baseline 0.007 -5"><span class='ocrx_word' id='word_1_465' title='bbox 892 2855 973 2891; x_wconf 89' lang='lat' dir='ltr'>hier</span> <span class='ocrx_word' id='word_1_466' title='bbox 997 2856 1074 2892; x_wconf 87' lang='lat' dir='ltr'>und</span> <span class='ocrx_word' id='word_1_467' title='bbox 1104 2856 1167 2892; x_wconf 89' lang='lat' dir='ltr'>bei</span> <span class='ocrx_word' id='word_1_468' title='bbox 1199 2857 1284 2892; x_wconf 89' lang='lat' dir='ltr'>dem</span> <span class='ocrx_word' id='word_1_469' title='bbox 1316 2856 1460 2894; x_wconf 73' lang='lat' dir='ltr'>alteren</span> <span class='ocrx_word' id='word_1_470' title='bbox 1487 2858 1637 2895; x_wconf 87' lang='lat' dir='ltr'>Seneca.</span> 
     </span>
    </p>
   </div>
   <div class='ocr_carea' id='block_1_9' title="bbox 1353 2918 1424 2952">
    <p class='ocr_par' dir='ltr' id='par_1_20' title="bbox 1353 2918 1424 2952">
     <span class='ocr_line' id='line_1_76' title="bbox 1353 2918 1424 2952; baseline 0.014 -1"><span class='ocrx_word' id='word_1_471' title='bbox 1353 2918 1424 2952; x_wconf 82' lang='lat'>14*</span> 
     </span>
    </p>
   </div>
  </div>
 </body>
</html>
