1820 3100
582 102 728 139 LIBER.
751 101 815 139 IV.
854 102 956 138 CAP.
976 105 1131 139 48—50.
1559 101 1647 144 233

204 213 386 257 Postera
428 212 495 255 die
537 210 722 255 Sabinus
767 211 1002 254 exercitum
1042 224 1179 266 aequo
1220 209 1318 252 loco
1360 209 1570 264 ostendit,
1613 209 1650 251 si
1662 208 1720 251 49

82 273 262 317 barbari
299 286 499 315 successu
534 271 674 314 noctis
713 271 878 314 alacres
915 270 1129 325 proelium
1170 269 1388 312 auderent.
1452 271 1495 310 et
1534 271 1650 324 post-

85 348 216 389 quam
249 332 424 375 castello
452 332 527 373 aut
553 331 792 374 coniunctis
816 330 995 373 tumulis
1021 343 1110 371 non
1136 328 1507 384 degrediebantur,
1538 327 1651 370 obsi-

88 393 206 435 dium
233 391 375 446 coepit
399 405 476 446 per
499 390 728 446 praesidia,
760 404 869 446 quae
896 391 1136 445 opportune
1162 388 1249 430 iam
1274 387 1508 430 muniebat.
1552 386 1652 429 dein

86 451 251 494 fossam
286 450 550 505 loricamque
587 451 820 492 contexens
860 451 1064 505 quattuor
1094 447 1215 490 milia
1245 461 1452 502 passuum
1484 446 1651 488 ambitu
1677 454 1699 488 5

87 511 309 567 amplexus
341 511 426 565 est3
463 512 556 551 tum
593 509 823 565 paulatim,
859 510 910 550 ut
946 522 1102 563 aquam
1133 507 1424 564 pabulumque
1457 506 1653 561 eriperet,

87 569 340 613 contrahere
379 569 568 611 claustra
604 571 783 625 artaque
816 567 1092 611 circumdare.
1154 569 1198 609 et
1228 566 1477 609 struebatur
1509 578 1654 621 agger,

84 629 197 672 unde
228 643 332 671 saxa
361 627 513 670 hastae
543 628 665 684 ignes
696 628 988 683 propinquum
1012 627 1099 669 iam
1124 626 1170 668 in
1194 625 1367 669 hostem
1397 625 1653 668 iacerentur.

87 689 160 732 sed
184 687 309 730 nihil
346 701 479 742 aeque
518 702 648 743 quam
686 687 782 730 sitis
818 686 1055 743 fatigabat,
1093 701 1190 729 cum
1226 685 1382 741 ingens
1420 683 1652 727 multitudo

86 748 361 799 bellatorum,
391 746 616 790 inbellium
648 761 733 789 uno
764 746 932 802 reliquo
964 745 1083 788 fonte
1113 747 1349 787 uterentur.
1400 744 1530 786 simul
1556 743 1655 799 equi
1681 751 1726 785 10

86 808 296 862 armenta,
326 809 376 848 ut
406 821 500 849 mos
531 806 744 861 barbaris,
774 806 895 848 iuxta
926 805 1086 860 clausa,
1117 806 1311 861 egestate
1335 803 1485 859 pabuli
1511 802 1654 845 exani-

89 866 222 922 mari,
268 865 462 908 adiacere
503 880 686 921 corpora
724 865 968 919 hominum,
1012 879 1121 920 quos
1165 864 1362 918 vulnera,
1405 877 1513 918 quos
1558 862 1654 905 sitis

85 927 354 982 peremerat3
385 925 527 980 pollui
558 927 715 968 cuncta
746 925 884 979 sanie,
915 924 1058 979 odore,
1089 926 1306 966 contactu.

210 984 440 1040 Rebusque
483 984 670 1027 turbatis
713 984 875 1026 malum
918 987 1157 1026 extremum
1200 981 1416 1025 discordia
1460 981 1655 1037 accessit,
1668 979 1728 1023 50

87 1043 158 1086 his
190 1043 468 1099 deditionem,
506 1044 602 1086 aliis
644 1046 827 1086 mortem
858 1045 902 1085 et
931 1045 1105 1085 mutuos
1136 1042 1251 1084 inter
1282 1056 1328 1084 se
1358 1041 1469 1084 ictus
1500 1055 1654 1096 paran-

91 1103 220 1146 tibus.
270 1106 316 1145 et
347 1106 470 1145 erant
502 1104 576 1159 qui
606 1117 694 1145 non
724 1103 912 1145 inultum
945 1101 1123 1144 exitium
1156 1101 1230 1143 sed
1262 1100 1532 1156 eruptionem
1559 1114 1654 1142 sua-

88 1162 251 1205 derent.
311 1176 450 1217 neque
481 1162 695 1218 ignobiles
725 1164 897 1204 tantum
927 1161 996 1203 his
1028 1161 1188 1203 diversi
1228 1160 1471 1214 sententiis,
1506 1174 1656 1202 verum

91 1237 113 1265 e
153 1221 331 1264 ducibus
368 1221 514 1277 Dinis,
552 1223 780 1277 provectus
820 1223 994 1263 senecta
1031 1223 1075 1263 et
1110 1221 1243 1276 longo
1279 1234 1362 1262 usu
1398 1219 1488 1262 vim
1526 1221 1656 1274 atque
1682 1228 1704 1261 5

91 1281 364 1324 clementiam
395 1280 637 1323 Romanam
670 1280 866 1332 edoctus,
904 1280 1104 1335 ponenda
1137 1294 1276 1334 arma,
1306 1293 1437 1321 unum
1470 1277 1656 1320 adflictis

88 1340 134 1383 id
165 1340 403 1383 remedium
441 1340 698 1395 disserebat,
736 1340 984 1395 primusque
1016 1354 1061 1381 se
1093 1353 1189 1381 cum
1222 1338 1405 1395 coniuge
1437 1340 1480 1379 et
1509 1337 1657 1379 liberis

88 1399 245 1442 victori
287 1399 506 1454 permisit3
550 1399 686 1442 secuti
730 1401 872 1441 aetate
918 1402 993 1441 aut
1036 1413 1139 1440 sexu
1183 1398 1374 1440 inbecilli
1417 1400 1461 1439 et
1501 1397 1657 1453 quibus

88 1459 229 1501 maior
264 1458 380 1501 vitae
417 1473 546 1514 quam
584 1458 749 1514 gloriae
787 1458 955 1513 cupido.
1017 1461 1063 1500 at
1098 1458 1299 1500 iuventus
1331 1456 1513 1499 Tarsam
1544 1457 1658 1499 inter

90 1520 135 1560 et
170 1517 368 1560 Turesim
407 1517 743 1560 distrahebatur.
803 1518 976 1573 utrique
1015 1517 1280 1559 destinatum
1317 1530 1414 1559 cum
1451 1515 1656 1558 libertate
1685 1527 1730 1559 10

89 1577 300 1633 occidere,
338 1577 413 1619 sed
443 1577 580 1620 Tarsa
609 1577 927 1633 properandum
959 1577 1108 1632 finem,
1147 1575 1463 1631 abrumpendas
1493 1574 1658 1631 pariter

90 1651 189 1692 spes
222 1651 271 1679 ac
307 1639 446 1679 metus
486 1637 731 1692 clamitans,
768 1636 886 1679 dedit
923 1637 1165 1692 exemplum
1203 1635 1388 1677 demisso
1425 1636 1470 1677 in
1506 1636 1657 1690 pectus

89 1696 226 1753 ferro3
263 1710 344 1739 1100
381 1695 552 1738 defuere
590 1696 663 1751 qui
701 1696 852 1739 eodem
882 1695 1012 1738 modo
1045 1696 1312 1751 oppeterent.
1372 1693 1547 1737 Turesis
1580 1708 1659 1736 sua

91 1770 189 1799 cum
219 1770 351 1798 manu
380 1758 553 1799 noctem
585 1755 826 1811 opperitur,
856 1755 972 1798 haud
1002 1755 1148 1798 nescio
1181 1755 1286 1797 duce
1317 1756 1488 1810 nostro3
1524 1753 1660 1810 igitur

140 1894 206 1931 49.
247 1898 278 1930 1.
316 1894 351 1930 si
382 1895 454 1940 „ob
481 1895 604 1931 etwa“
630 1895 701 1931 wie
728 1899 768 1939 1,
793 1899 839 1931 48
915 1898 994 1930 161.
1029 1893 1094 1929 Sil.
1122 1897 1178 1939 12,
1203 1897 1287 1938 442,
1311 1904 1370 1929 wo
1395 1894 1560 1929 claustra
1582 1903 1660 1928 ma-

97 1943 263 1978 dandum
282 1942 403 1977 adhuc
421 1942 583 1987 spatium
601 1946 719 1986 ratus,
743 1943 777 1978 si
795 1963 836 1968 —
913 1943 966 1978 ris
990 1940 1263 1977 Hafendamme
1289 1940 1385 1976 sind.

94 1990 169 2026 sibi
196 1989 431 2026 consulerent.
478 1993 534 2034 12,
561 1992 605 2024 18
630 1990 707 2024 1111ᾱ
733 1988 840 2025 oster.
962 1991 995 2024 8.
1020 1999 1115 2024 saxa
1140 1992 1199 2026 ctt.
1236 1988 1380 2024 Anders
1400 1991 1434 2033 2,
1453 1990 1498 2023 81
1522 1987 1661 2032 hastas,

98 2036 173 2073 Cic.
195 2036 244 2072 ad
263 2035 340 2071 Att.
358 2040 413 2080 13,
428 2039 485 2081 22,
500 2039 520 2071 5
541 2037 734 2082 epistulam
756 2036 841 2072 an—
913 2046 1009 2072 saoea
1033 2039 1066 2071 et
1088 2035 1196 2079 faces.

94 2084 390 2167 {arisFffilSidalffi
410 2084 542 2176 ›missgs
574 2085 715 2167 leyiises
729 2084 843 2167 (issfflr
963 2087 1006 2166 9E²
1030 2074 1273 2173 lllbger9guam
1302 2082 1400 2118 nach
1429 2082 1526 2118 nihil
1550 2091 1661 2128 aeque

122 2142 169 2167 en
367 2133 407 2166 s“
426 2158 434 2167 .
528 2142 616 2167 enso
670 2143 705 2167 01
784 2142 844 2167 sar
916 2143 944 2167 s.
996 2142 1033 2166 m
1053 2158 1060 2166 .
1105 2157 1113 2165 .
1183 2159 1191 2167 .

91 2179 168 2215 und
191 2177 330 2214 Livius.
501 2216 507 2221 ,
965 2181 1021 2214 10.
1070 2178 1303 2222 bellatorum,
1345 2177 1534 2213 inbellium
1543 2202 1556 2220 ,
1597 2175 1660 2212 0111

140 2229 173 2262 4.
182 2226 376 2272 praesidia
386 2225 839 2272 sindBefestigungen‚an
910 2225 1130 2271 Asyndeton
1155 2225 1288 2261 zweier
1314 2223 1568 2261 Substantiva.

93 2273 215 2310 denen
234 2273 350 2309 sehon
368 2273 578 2319 gearbeitet
595 2274 714 2318 ward;
737 2272 838 2309 diese
958 2272 1023 2310 50.
1048 2276 1081 2309 4.
1107 2273 1243 2310 diversi
1256 2290 1300 2302 =
1315 2273 1508 2316 contrarii,
1532 2271 1658 2307 adver-

91 2321 229 2357 kamen
252 2321 332 2356 ihm
356 2333 400 2356 zu
427 2321 569 2357 statten
593 2322 836 2367 (opportune).
909 2324 1044 2364 santes,
1062 2319 1133 2356 wie
1156 2324 1211 2366 13,
1225 2324 1246 2356 9
1267 2331 1474 2366 componere
1497 2319 1660 2355 diversos

141 2372 175 2406 5.
211 2369 348 2413 fossam
371 2388 419 2394 —-
443 2372 644 2406 contexens.
679 2367 730 2403 Er
754 2379 837 2404 ver·
910 2369 933 2405 i.
955 2379 986 2404 e.
1007 2367 1196 2404 discordes
1221 2368 1331 2413 (nach
1356 2366 1538 2412 Madvig).

92 2415 194 2452 band
211 2428 289 2452 nun
308 2414 457 2451 Graben
475 2416 553 2451 und
571 2415 675 2451 Wall
694 2416 838 2461 (lorica)
958 2419 991 2451 9.
1035 2416 1142 2452 inter.
1186 2406 1287 2451 Uber
1318 2415 1418 2451 diese
1449 2415 1560 2450 Form
1591 2412 1658 2447 der

92 2464 278 2500 zwischen
309 2463 382 2499 den
411 2463 602 2499 einzelnen
632 2463 838 2508 Kastellen,
910 2462 1148 2508 Anastrophe
1174 2474 1202 2498 s.
1222 2462 1319 2498 Einl.
1340 2466 1370 2506 §—
1394 2465 1474 2505 116,
1492 2461 1529 2496 b.

94 2511 274 2547 wodurch
317 2512 396 2547 erst
437 2510 498 2546 die
536 2510 840 2556 Einschliefsung
961 2514 1017 2545 11.
1037 2510 1325 2556 properandum.
1353 2509 1438 2555 Vgl.
1458 2512 1492 2552 2,
1512 2511 1556 2543 31
1582 2507 1659 2543 nisi

94 2557 263 2604 moglich
274 2557 390 2595 ward.
428 2557 471 2593 In
484 2558 606 2593 dieser
618 2557 840 2605 Bedeutung
911 2558 1160 2593 voluntariam
1195 2560 1343 2593 mortem
1375 2555 1656 2601 properavisset.

93 2605 240 2642 kommt
263 2609 450 2642 contexere
473 2606 579 2641 sonet
600 2605 709 2641 nicht
732 2616 809 2642 vor.
912 2604 1017 2650 Virg.
1043 2605 1134 2640 Aen.
1162 2607 1203 2649 9,
1229 2607 1298 2640 401
1338 2604 1532 2649 pulchram
1570 2612 1658 2648 pro-

143 2655 175 2688 7.
213 2653 423 2689 contrahere
455 2653 629 2688 claustra.
673 2653 722 2688 Es
746 2652 841 2688 wird
907 2655 1010 2699 peret
1039 2662 1110 2697 per
1144 2652 1294 2687 volnera
1328 2654 1486 2687 mortem.
1518 2670 1565 2676 -
1596 2649 1658 2685 ab·

97 2699 177 2735 also
209 2699 294 2736 ei'ne
318 2700 447 2736 zweite
473 2699 840 2736 circumvallations-
911 2709 1078 2744 rumpere
1112 2697 1164 2734 ist
1199 2698 1239 2733 in
1277 2698 1398 2734 dieser
1441 2697 1658 2742 tropischen

97 2745 189 2782 linie
202 2748 299 2783 nach
311 2747 426 2783 11111011
443 2759 489 2782 zu
509 2747 696 2793 angelegt.
728 2746 840 2783 Diese
913 2746 1135 2792 Bedeutung
1171 2745 1399 2781 dichterisch
1435 2745 1513 2780 und
1542 2743 1659 2780 nach-

95 2793 209 2830 heil'st
232 2794 313 2830 hier
337 2795 519 2839 claustra,
549 2794 620 2830 wie
645 2805 735 2830 man
759 2794 841 2829 der·
915 2793 1110 2829 klassisch.
1149 2792 1185 2829 S.
1206 2792 1303 2828 Einl.
1323 2796 1354 2836 ξ.
1376 2796 1458 2836 122,
1476 2793 1503 2828 f.

99 2840 271 2886 gleichen
280 2841 407 2878 Mittel
416 2853 480 2877 zur
491 2841 733 2888 Absperrung
746 2842 843 2877 auch
964 2845 1019 2876 13.
1044 2843 1207 2886 oppetere
1221 2841 1316 2877 ohne
1331 2840 1398 2877 das
1412 2839 1552 2886 Objekt
1565 2850 1657 2876 mor-

102 2888 207 2924 sonat
229 2890 379 2925 nannte.
421 2888 507 2935 Vgl.
528 2888 633 2935 Virg.
654 2888 788 2934 Georg.
808 2893 842 2934 2,
913 2891 981 2925 tem
987 2902 1002 2933 ;
1026 2898 1055 2925 ε.
1075 2900 1120 2923 zu
1145 2891 1178 2933 2,
1197 2891 1254 2924 24.
