1820 3100
221 108 311 150 274
660 107 885 144 CORNELII
909 107 1071 146 TACITI
1093 108 1355 146 ANNALIUM

222 232 271 260 ac
302 218 449 260 liberti
491 218 617 260 unius
658 218 922 260 conscientia
958 217 1171 260 utebatur.
1242 218 1279 260 is
1310 217 1553 262 litterarum
1584 219 1779 276 ignarus,

222 291 399 332 corpore
419 276 576 332 valido,
600 291 676 332 per
702 277 800 320 avia
827 291 875 319 ac
900 277 1082 332 derupta
1103 275 1222 331 (nam
1249 277 1362 319 saxis
1383 277 1535 321 domus
1560 276 1780 336 imminet)

220 336 419 392 praeibat
445 351 554 393 eum,
579 336 698 378 cuius
725 339 862 378 artem
889 336 1070 389 experiri
1090 335 1288 379 Tiberius
1309 337 1545 392 statuisset,
1569 340 1613 380 et
1635 351 1778 394 regre-

173 405 194 438 5
221 396 420 450 dientem,
446 396 482 437 si
508 396 713 438 vanitatis
741 398 815 438 aut
838 395 1039 437 fraudum
1065 395 1250 451 suspicio
1275 395 1520 451 incesserat,
1543 397 1589 439 in
1613 397 1779 440 subiec-

221 457 314 497 tum
357 469 476 496 mare
512 454 844 509 praecipitabat,
887 469 940 496 ne
983 454 1109 496 index
1153 455 1298 497 arcani
1336 455 1571 498 exsisteret.
1643 455 1779 512 igitur

218 513 469 556 Thrasul-lus
519 514 657 555 isdem
709 514 887 568 rupibus
936 513 1136 556 inductus
1178 517 1408 569 postquam
1451 517 1777 570 percontantem

220 575 530 627 commoverat,
572 573 799 627 imperium
841 572 926 627 ipsi
970 575 1013 614 et
1060 572 1206 615 futura
1256 573 1453 615 sollerter
1502 574 1778 630 patefaciens,

219 632 513 687 interrogatur
554 646 609 673 an
651 646 772 673 suam
813 645 982 687 quoque
1019 632 1252 687 genitalem
1294 632 1447 675 horam
1485 634 1778 689 comperisset,

222 706 348 746 quem
380 694 472 732 tum
505 705 675 745 annum,
700 690 870 746 qualem
897 690 1009 733 diem
1041 691 1231 733 haberet.
1286 692 1359 733 ille
1389 692 1559 747 positus
1592 692 1778 735 siderum

221 765 269 792 ac
302 750 442 805 spatia
474 749 692 792 dimensus
723 750 900 791 haerere
931 749 1083 805 primo,
1114 750 1212 792 dein
1236 765 1474 807 pavescere,
1500 754 1541 793 et
1567 753 1778 807 quantum

219 809 540 864 introspiceret,
571 809 709 864 magis
742 822 792 850 ac
823 809 961 864 magis
997 808 1191 864 trepidus
1223 809 1518 852 admirationis
1551 814 1594 853 et
1624 812 1779 866 metus,

219 871 438 923 postremo
480 868 694 910 exclamat
735 868 984 923 ambiguum
1023 867 1107 910 sibi
1145 882 1195 910 ac
1230 883 1363 923 prope
1400 870 1599 911 ultimum
1630 869 1778 912 discri-

219 942 318 970 men
350 928 525 968 instare.
580 930 673 969 tum
706 927 953 982 complexus
986 941 1082 968 eum
1114 926 1311 970 Tiberius
1342 929 1583 983 praescium
1613 929 1777 983 pericu·

152 995 193 1028 15
219 987 360 1029 lorum
387 989 430 1028 et
454 986 715 1028 ineolumem
745 985 838 1029 fore
870 988 1079 1041 gratatur,
1104 1000 1296 1042 quaeque
1329 987 1495 1029 dixerat
1525 988 1660 1030 oracli
1685 987 1778 1031 vice

220 1045 434 1101 accipiens
466 1046 579 1087 inter
608 1046 785 1088 intimos
818 1045 1052 1088 amicorum
1083 1047 1212 1087 tenet.

338 1104 420 1147 Sed
451 1105 557 1147 mihi
587 1105 694 1147 haec
735 1119 784 1147 ac
825 1105 932 1147 talia
963 1104 1154 1147 audienti
1191 1105 1237 1146 in
1274 1105 1438 1147 incerto
1470 1105 1675 1148 iudicium
1700 1108 1778 1162 est,

217 1164 363 1206 fatone
401 1179 468 1206 res
506 1164 751 1207 mortalium
784 1166 826 1205 et
855 1164 1114 1206 necessitate
1151 1164 1414 1206 immutabili
1451 1179 1507 1206 an
1543 1164 1655 1207 forte
1688 1165 1777 1208 vol-

218 1227 384 1266 vantur.
447 1224 606 1279 quippe
639 1223 980 1279 sapientissimos
1013 1226 1207 1265 veterum
1239 1223 1397 1279 quique
1436 1225 1598 1266 sectam
1631 1238 1777 1266 eorum

217 1283 499 1337 aemulantur,
525 1283 716 1325 diversos
742 1282 942 1338 reperies,
966 1296 1016 1324 ac
1042 1282 1188 1324 multis
1213 1282 1391 1324 insitam
1419 1283 1664 1337 opinionem
1688 1297 1776 1326 non

170 1352 191 1384 5
216 1342 342 1384 initia
371 1342 522 1396 nostri,
553 1356 641 1384 non
671 1342 819 1397 finem,
848 1356 937 1384 non
968 1341 1148 1397 denique
1180 1341 1376 1384 homines
1410 1342 1474 1384 dis
1507 1356 1650 1398 curae3
1681 1341 1777 1385 ideo

218 1401 472 1444 ereberrime
504 1401 646 1443 tristia
675 1401 722 1442 in
754 1401 909 1455 bonos,
947 1401 1062 1443 laeta
1097 1400 1211 1455 apud
1243 1401 1475 1443 deteriores
1508 1415 1612 1443 esse.
1679 1415 1777 1444 con-

217 1463 287 1503 tra
319 1461 392 1503 alii
422 1461 561 1502 fatum
587 1460 758 1515 quidem
784 1474 1021 1516 congruere
1046 1460 1175 1502 rebus
1203 1463 1370 1514 putant,
1397 1461 1470 1502 sed
1495 1475 1582 1503 non
1608 1475 1631 1503 e
1656 1460 1777 1516 vagis

219 1520 375 1575 stellis,
412 1534 560 1561 verum
598 1519 712 1573 apud
749 1519 963 1574 principia
996 1522 1038 1560 et
1073 1532 1208 1561 nexus
1239 1520 1502 1562 naturalium
1534 1533 1779 1575 causarum3

152 702 195 733 10

147 1106 203 1148 22

1031 1657 1169 1694 Livius.
1234 1657 1303 1693 Mit
1339 1659 1469 1693 Accus.
1504 1669 1534 1694 c.
1577 1657 1641 1694 inf.
1679 1658 1777 1694 auch

262 1663 295 1694 2.
347 1660 550 1695 litterarum
574 1659 745 1705 iynarus,
777 1658 896 1694 damit
921 1670 959 1694 er

1032 1705 1135 1750 Virg.
1161 1704 1204 1742 A.
1230 1709 1263 1749 5,
1290 1709 1335 1740 39
1359 1706 1506 1741 reduces
1525 1706 1605 1751 (eos
1632 1707 1738 1752 esse.)

214 1706 338 1742 nichts
359 1706 554 1742 verstehen
572 1707 649 1740 und
664 1704 822 1751 folglich
835 1706 959 1741 nichts

215 1755 387 1789 verraten
412 1754 563 1789 konnte.

262 1806 295 1837 3.
357 1801 443 1837 avia
476 1812 519 1836 ae
549 1801 720 1846 derupta,
754 1798 824 1835 wie
849 1804 888 1844 4,
915 1803 960 1835 45

215 1860 283 1894 per
303 1849 458 1893 derupta
471 1852 503 1883 et
522 1848 607 1883 avia
613 1861 627 1890 ;
653 1845 957 1882 substantivierte

215 1895 421 1942 Adjectiva.
450 1895 614 1930 Ebenso:
635 1895 805 1939 abrupta,
826 1895 959 1938 ardua,

216 1944 326 1986 edita,
351 1943 504 1986 altiora,
528 1954 686 1986 summa,
706 1943 899 1987 profunda
923 1954 957 1978 u.

215 2002 248 2026 a.
274 2003 321 2025 m.
784 2023 787 2026 .

263 2042 295 2073 9.
345 2038 593 2084 interroyatur
624 2048 690 2081 an,
715 2036 785 2072 wie
814 2039 873 2080 15,
902 2040 959 2071 61.

217 2084 263 2120 So
290 2086 386 2120 setzt
410 2084 562 2120 Tacitus
587 2096 637 2119 an
661 2084 759 2119 nach
777 2094 959 2129 quaerere,

215 2133 386 2177 rogitare,
409 2133 631 2176 percontari,
658 2132 853 2176 consulere,
878 2142 958 2166 cou-

213 2180 361 2223 sultare,
387 2180 537 2225 ayitare.

265 2230 317 2261 10.
368 2227 530 2271 positus,
569 2238 595 2262 s,
634 2237 679 2260 zn
712 2230 755 2270 4,
788 2229 808 2260 5
836 2227 962 2272 positu

214 2274 381 2319 reqionis,

265 2324 318 2356 11.
353 2319 453 2355 Uber
471 2323 647 2365 quantum
666 2319 737 2354 mit
756 2320 839 2355 dem
860 2320 959 2355 Kon-

210 2367 373 2413 junktiv.
401 2379 427 2403 s.
455 2379 511 2412 cp.
540 2371 583 2402 19
611 2378 670 2402 am
696 2367 810 2402 Ende.

264 2419 318 2452 12.
356 2415 472 2460 mayis
497 2426 540 2450 ae
563 2415 691 2460 magis,
716 2413 848 2449 mitae
867 2415 960 2449 statt

214 2474 299 2508 que,
329 2463 399 2497 wie
432 2463 512 2508 iqui
543 2465 648 2507 atque
678 2462 775 2505 ferro
809 2465 869 2502 14.
902 2465 957 2498 38.

216 2509 344 2546 Cicero
369 2510 436 2544 hat
455 2508 551 2544 auch
575 2510 692 2554 mayis
711 2513 744 2544 et
771 2510 886 2554 mayis
911 2509 960 2544 ad

214 2557 291 2593 Att.
315 2561 369 2601 14,
398 2560 451 2600 18,
478 2561 510 2592 4.
541 2561 595 2604 16,
622 2562 653 2600 3,
681 2560 711 2592 1.
734 2577 773 2581 —
795 2557 959 2601 trepidus

213 2605 284 2639 mit
304 2604 388 2639 dem
410 2603 567 2639 Genetiv
586 2605 637 2639 ist
657 2603 718 2639 bei
730 2603 879 2638 Tacitus
893 2601 956 2638 52⁷⁵.

215 2650 293 2697 elo„
311 2656 412 2687 sonst
425 2663 493 2686 nur
513 2651 574 2686 bei
586 2650 705 2696 virgil
726 2652 801 2686 und
820 2650 957 2686 Livius.

262 2703 317 2735 14.
334 2699 543 2743 praescium
560 2698 638 2734 scil.
653 2709 734 2734 esse.
762 2698 839 2733 Das
853 2697 959 2733 Wort

212 2745 262 2781 ist
286 2745 454 2791 poetisch
478 2746 553 2780 und
578 2745 868 2782 nachklassisch.

262 2797 316 2828 15.
351 2794 505 2838 qratari,
532 2793 602 2828 wie
626 2797 658 2838 2,
680 2796 723 2828 ’75
749 2792 826 2827 und
851 2791 957 2836 oster,

212 2838 273 2874 bei
310 2839 394 2875 Tac.
433 2839 617 2875 beliebter
660 2840 716 2874 als
760 2840 956 2883 gratulari,

213 2885 422 2921 ausserdem
458 2899 529 2922 nur
574 2887 633 2922 bei
666 2886 845 2922 Dichtern
880 2887 956 2921 und

1079 1752 1142 1788 22.
1174 1756 1208 1788 4.
1239 1753 1402 1797 reperies,
1424 1752 1522 1788 nach
1540 1753 1614 1788 den
1633 1752 1778 1798 Spuren

1033 1800 1098 1835 der
1114 1799 1356 1835 Handschrift
1375 1799 1494 1844 (nicht
1513 1800 1686 1845 reperias)
1705 1800 1775 1836 wie

1033 1850 1067 1890 4,
1092 1851 1138 1881 33
1162 1847 1316 1892 reperies
1335 1847 1399 1892 qui
1425 1867 1469 1872 —
1495 1850 1638 1892 putent.
1687 1847 1776 1882 dial.

1033 1898 1076 1929 12
1096 1895 1224 1939 plures
1247 1895 1352 1930 hodie
1375 1895 1529 1939 reperies
1553 1895 1617 1939 qui
1641 1914 1686 1920 —
1717 1895 1776 1930 de-

1031 1945 1188 1978 trectent.
1204 1962 1249 1967 —
1261 1942 1397 1985 multis,
1414 1940 1578 1977 namhch
1597 1942 1670 1977 den
1687 1941 1775 1988 Epi·

1031 1990 1204 2024 kuraern.
1737 2000 1739 2005 ’

1080 2040 1112 2073 5.
1161 2036 1274 2071 initia
1297 2037 1425 2080 nostri,
1451 2035 1680 2080 subjektiver
1705 2034 1776 2072 Ge-

1032 2083 1154 2127 netiv3
1192 2083 1267 2128 vgl.
1306 2087 1344 2127 2,
1385 2086 1430 2118 54
1465 2085 1582 2118 nostri
1623 2083 1774 2128 oriqi‘ne.

1034 2130 1121 2166 hist.
1148 2135 1181 2173 3,
1207 2134 1253 2165 34
1278 2142 1302 2166 a
1321 2131 1528 2175 primordio
1551 2131 1621 2166 sui.

1082 2182 1114 2213 6.
1163 2177 1233 2212 Mit
1263 2179 1304 2213 in
1335 2177 1637 2222 korrespondiert
1661 2177 1774 2223 apud,

1034 2225 1104 2261 wie
1131 2228 1187 2270 14,
1214 2228 1258 2259 14
1276 2226 1318 2260 iu
1335 2225 1486 2260 urbibus
1506 2244 1550 2250 -—
1569 2224 1672 2269 apud
1689 2227 1774 2260 tem-

1026 2274 1115 2318 pla;
1138 2272 1305 2317 haufiger
1329 2272 1371 2306 in
1394 2272 1471 2307 und.
1496 2272 1555 2307 ad.

1081 2324 1112 2355 7.
1157 2320 1243 2362 alii,
1270 2318 1329 2354 die
1357 2318 1519 2363 Stoiker,
1552 2318 1612 2354 die
1638 2329 1686 2354 an
1710 2317 1775 2354 das

1031 2367 1164 2401 Fatum
1206 2366 1402 2411 glaubten‚
1444 2365 1532 2401 aber
1577 2366 1673 2401 doch
1710 2365 1775 2401 der

1032 2412 1307 2449 menschlichen
1340 2412 1650 2448 Willensfreiheit
1683 2412 1774 2448 eini-

1031 2472 1102 2506 gen
1147 2460 1354 2506 Spielraum
1392 2460 1654 2505 zugestanden.
1720 2459 1774 2494 Zu

1031 2507 1169 2543 diesem
1192 2507 1360 2543 Glauben
1379 2509 1484 2553 neigt
1502 2507 1598 2542 auch
1610 2505 1772 2542 Tacitus.

1031 2575 1076 2582 -—
1111 2555 1230 2599 fatum
1255 2566 1449 2600 conyruere
1472 2554 1576 2589 rebus
1601 2553 1695 2589 statt
1717 2564 1775 2590 res

1030 2613 1224 2647 conyruere
1241 2603 1320 2646 fato
1339 2603 1423 2645 „die
1438 2600 1648 2646 Ereignisse
1668 2599 1774 2636 stim-

1031 2660 1117 2685 men
1142 2649 1212 2684 mit
1237 2650 1321 2684 dem
1339 2649 1473 2684 Fatum
1498 2647 1662 2691 iiberein,
1682 2658 1773 2684 wer-

1031 2697 1103 2732 den
1122 2697 1245 2732 davon
1263 2695 1489 2732 bestimmt“.
1505 2715 1549 2720 —
1567 2695 1673 2740 vagis
1690 2695 1771 2731 stez-

1031 2745 1092 2787 lis,
1128 2743 1200 2779 den
1236 2743 1434 2785 Planeten,
1471 2742 1573 2778 sonet
1611 2745 1774 2778 errantes

1028 2793 1203 2836 genennt.
1265 2790 1344 2825 Nur
1380 2789 1481 2824 diese
1511 2789 1663 2824 wurden
1700 2800 1772 2824 von

1029 2839 1100 2873 den
1125 2837 1350 2881 Astrologen
1373 2835 1680 2882 berfieksichtigt.

1076 2889 1106 2921 8.
1158 2884 1350 2930 princspia
1380 2886 1437 2919 σεε.
1477 2883 1538 2919 die
1570 2887 1770 2929 ursprting-
1812 2882 1820 2929 ;{
