1806 3120
124 503 179 547 67

125 1333 182 1377 68

191 84 278 129 136

633 86 858 124 CORNELI]
883 86 1047 124 TACITI
1071 86 1326 124 ANNALIUM

144 212 167 245 5
199 198 352 251 sponte
385 198 602 252 sumptam
635 196 878 239 ementitur.
931 210 1010 238 nec
1039 198 1187 238 tamen
1218 194 1376 240 Caesar
1405 198 1588 253 placitas
1620 199 1753 242 semel

198 258 312 298 artes
355 255 558 310 mutavit,
608 256 683 298 sed
726 255 926 298 defuncto
977 254 1193 307 Pandusa,
1237 270 1362 311 quem
1410 257 1493 300 sibi
1537 257 1752 301 infensum

192 313 483 370 Rhescuporis
509 315 731 371 arguebat,
756 314 1043 370 Pomponium
1067 313 1281 370 Flaccum,
1311 318 1498 358 veterem
1526 316 1751 372 stipendiis

194 375 238 416 et
268 376 362 416 arta
393 388 489 417 cum
526 388 626 430 rege
659 373 850 416 amicitia
881 387 1014 428 eoque
1053 374 1485 418 accommodatiorem
1517 375 1571 418 ad
1601 376 1755 419 fallen-

197 432 310 489 dum,
342 433 396 475 ob
427 433 471 475 id
501 434 687 475 maxime
718 432 908 475 Moesiae
939 432 1156 487 praefecit.

312 491 493 535 Flaccus
524 492 570 534 in
590 491 845 534 Thraeciam
876 494 1175 547 transgressus
1206 506 1283 547 per
1312 492 1512 549 ingentia
1542 495 1756 550 promissa.

195 552 391 606 quamvis
435 551 686 607 ambiguum
735 554 779 592 et
823 551 983 593 scelera
1035 565 1113 592 sua
1160 553 1431 606 reputantem
1473 553 1664 609 perpulit
1703 556 1756 596 ut

194 610 411 666 praesidia
458 611 655 652 Romana
709 609 906 652 intraret.

997 610 1260 653 circumdata
1314 611 1414 654 hinc
1469 612 1563 668 regi
1613 612 1754 668 specie

194 669 371 712 honoris
402 670 546 711 valida
570 684 737 724 manus,
770 669 1016 724 tribunique
1042 671 1086 711 et
1111 670 1382 713 centuriones
1408 671 1632 723 monendo,
1658 686 1755 714 sua-

151 740 173 772 5
200 728 358 784 dendo,
408 730 451 770 et
502 731 662 784 quanto
711 728 884 784 longius
928 728 1253 784 abscedebatur‚
1298 730 1511 784 apertiore
1549 730 1759 783 custodia,

197 790 418 843 postremo
451 800 633 843 gnarum
663 787 934 830 necessitatis
965 787 1010 829 in
1040 788 1191 830 urbem
1221 790 1401 832 traxere.
1456 793 1676 832 accusatus
1708 789 1756 833 111

199 849 353 889 senatu
386 847 439 889 ab
471 861 603 888 uxore
636 846 784 903 Cotyis
817 847 1063 902 damnatur,
1099 850 1148 889 ut
1178 848 1329 902 procul
1360 862 1493 905 regno
1524 851 1754 892 teneretur.

199 905 410 948 Thraecia
434 906 479 948 in
499 905 834 949 Rhoemetalcen
859 906 1010 959 filium,
1029 921 1155 961 quem
1180 907 1372 961 paternis
1391 907 1580 950 consiliis
1608 908 1752 951 adver-

198 968 341 1007 satum
367 966 607 1021 constabat,
632 965 763 1020 inque
787 966 947 1008 liberos
973 964 1122 1020 Cotyis
1147 965 1369 1021 dividitur3
1399 966 1536 1022 iisque
1560 967 1752 1010 nondum

125 1035 169 1068 10
197 1024 355 1066 adultis
389 1024 667 1067 Trebellenus
698 1024 835 1067 Rufus
867 1027 1070 1080 praetura
1099 1024 1271 1067 functus
1303 1025 1440 1080 datur,
1472 1025 1545 1080 qui
1574 1040 1755 1082 regnum

194 1083 368 1125 interim
398 1086 614 1139 tractaret,
647 1084 843 1139 exemplo
876 1098 958 1139 quo
991 1083 1175 1126 maiores
1203 1082 1260 1125 M.
1285 1083 1494 1139 Lepidum
1520 1083 1756 1128 Ptolemaei

193 1142 340 1185 liberis
376 1145 564 1186 tutorem
606 1143 652 1186 in
683 1143 933 1199 Aegyptum
963 1143 1181 1186 miserant.
1241 1142 1534 1198 Rhescuporis
1565 1143 1752 1187 Alexan-

192 1201 330 1252 driam
371 1202 570 1245 devectus
612 1205 740 1258 atque
776 1202 867 1245 illic
906 1201 1056 1258 fugam
1095 1204 1314 1257 temptans
1353 1217 1407 1245 an
1442 1202 1544 1245 ficto
1577 1202 1753 1246 crimine

194 1261 461 1304 interficitur.

315 1320 397 1362 Per
439 1320 552 1363 idem
595 1323 765 1377 tempus
804 1320 1028 1375 Vonones,
1072 1334 1197 1375 quem
1241 1323 1432 1363 amotum
1474 1321 1521 1362 in
1559 1319 1754 1364 Ciliciam

197 1380 449 1431 memoravi,
493 1380 709 1435 corruptis
753 1379 1003 1422 custodibus
1046 1378 1231 1435 effugere
1273 1380 1326 1422 ad
1364 1378 1614 1435 Armenios,
1659 1380 1759 1423 inde

195 1438 391 1481 Albanos
417 1438 749 1495 Heniochosque
770 1442 812 1481 et
832 1438 1200 1494 consanguineum
1226 1439 1309 1481 sibi
1333 1453 1481 1495 regem
1502 1438 1759 1495 Scytharum

199 1501 375 1540 conatus
408 1501 484 1541 est.
547 1498 687 1554 specie
719 1498 904 1541 venandi
943 1497 1116 1540 omissis
1147 1498 1376 1540 maritimis
1408 1498 1513 1540 10010
1546 1499 1643 1541 avia
1675 1499 1755 1541 sal-

149 1568 171 1601 5
195 1558 318 1599 tuum
349 1557 492 1613 petiit,
532 1571 632 1600 mox
662 1557 918 1613 pernicitate
963 1556 1061 1612 equi
1102 1556 1154 1598 ad
1195 1571 1363 1598 amnem
1394 1555 1626 1612 Pyramum
1658 1572 1760 1600 con-

196 1616 347 1672 tendit,
378 1617 497 1658 cuius
528 1621 683 1672 pontes
717 1616 887 1659 accolae
912 1617 1118 1671 ruperant
1144 1615 1291 1657 audita
1322 1616 1437 1671 regis
1468 1616 1590 1671 fuga:
1620 1631 1759 1673 neque

195 1675 307 1718 vado
338 1675 555 1731 penetrari
587 1678 772 1730 poterat.
830 1675 965 1731 igitur
1001 1675 1045 1716 in
1076 1674 1170 1729 ripa
1194 1674 1382 1716 fluminis
1415 1690 1439 1717 a
1463 1674 1594 1717 Vibio
1625 1675 1761 1718 Fron-

195 1737 296 1777 tone
322 1734 538 1790 praefecto
565 1735 757 1790 equitum
783 1734 983 1788 vincitur,
1008 1748 1108 1775 mox
1132 1733 1352 1776 Remmius
1378 1738 1591 1788 evocatus,
1622 1735 1758 1790 priori

244 1890 277 1921 5.
315 1886 476 1931 placitas
507 1903 552 1915 =
584 1897 680 1931 quae
710 1886 940 1932 placuerant,

194 1933 264 1968 wie
289 1937 330 1977 4,
356 1936 400 1968 37
421 1934 602 1979 placitum
631 1934 707 1969 iam
742 1934 941 1979 exemplum

189 1981 398 2027 promptius
422 1984 565 2016 secutus
593 1991 683 2016 sum.
741 1979 830 2016 Sall.
855 1980 940 2026 Jug.

197 2031 241 2063 81
284 2029 327 2063 iu
375 2029 491 2064 locum
541 2029 712 2064 ambobus
751 2028 939 2073 placitum.

197 2074 307 2110 Sonst
331 2087 400 2110 nur
424 2074 487 2111 bei
507 2075 686 2111 Dichtern
710 2075 786 2110 und
805 2075 940 2111 Justin.

245 2138 277 2170 7.
326 2125 426 2170 Uber
450 2134 609 2171 Flaccus
634 2147 661 2169 s.
688 2147 734 2170 zu
759 2145 815 2179 cp.
842 2138 898 2170 32.

246 2193 310 2229 67.
338 2196 369 2229 7.
419 2192 488 2228 Die
515 2193 612 2228 Frau
639 2193 701 2228 des
728 2192 841 2237 Cotys
866 2204 943 2228 war

199 2240 282 2275 eine
313 2239 472 2275 Tochter
512 2240 575 2275 des
611 2239 755 2284 Konigs
789 2240 942 2276 Polemo

199 2286 238 2322 in
262 2287 502 2322 Klein-Asien
529 2288 570 2332 (s.
599 2298 654 2332 cp.
682 2290 751 2330 56).
787 2308 829 2313 -
855 2298 942 2333 pro-

199 2335 259 2371 cul
283 2335 352 2369 mit
377 2333 533 2370 blossem
560 2334 644 2370 Abl.
677 2334 737 2370 bei
761 2334 943 2370 Dichtern

199 2382 276 2417 und
307 2381 345 2416 in
377 2381 590 2417 nachklass.
617 2381 742 2427 Prosa,
769 2380 831 2417 bei
856 2382 942 2417 Tac.

199 2429 369 2474 h'aufiger
393 2428 449 2464 als
474 2429 544 2464 mit
568 2429 624 2464 ab.

247 2486 280 2517 9.
323 2483 366 2518 iu
384 2482 513 2518 liberos
530 2480 747 2517 bezeichnet
771 2481 831 2517 die
851 2481 942 2517 Ver—

198 2529 361 2575 teilung3
388 2540 415 2565 0.
440 2541 484 2564 zu
511 2533 543 2573 1,
569 2533 625 2564 55.
676 2529 755 2564 Den
782 2529 942 2564 anesten

201 2576 318 2621 Sohn,
357 2575 486 2622 Cotys,
522 2576 671 2612 machte
697 2576 867 2622 Caligula
891 2576 944 2611 im

200 2624 233 2660 J.
242 2628 287 2659 39
302 2636 386 2659 zum
394 2623 517 2669 Konig
523 2634 596 2660 von
605 2622 942 2660 Klein-Armenien.

252 2686 306 2718 10.
350 2682 477 2726 Rufus
494 2682 587 2718 wird
611 2682 661 2718 im
689 2682 722 2718 J.
743 2686 788 2717 35
814 2693 944 2727 wegen

204 2730 324 2765 seines
335 2729 521 2765 Verkehrs
533 2730 604 2765 mit
619 2729 728 2775 Sejan
741 2729 948 2774 angeklagt

206 2776 282 2811 und
307 2789 391 2811 zum
418 2777 648 2812 Selbstmord
673 2777 874 2822 gettieben.

252 2832 307 2865 11.
333 2830 491 2874 exemplo
516 2830 609 2865 statt
632 2830 750 2866 eodem
777 2830 946 2875 exemplo,

202 2874 274 2910 wie
295 2886 350 2920 cp.
375 2879 430 2911 63.
447 2897 491 2902 —
517 2877 646 2912 Dieser
663 2875 824 2922 Lepidus
844 2877 947 2912 ward

1014 1884 1209 1920 Vormund
1253 1885 1319 1919 der
1360 1885 1498 1921 beiden
1535 1885 1656 1922 Schne
1693 1886 1759 1922 des

1012 1932 1228 1968 Ptolem‘aus
1254 1931 1484 1978 Epiphanes,
1512 1932 1577 1968 der
1604 1936 1671 1969 181
1697 1945 1761 1979 ge·

1014 1979 1165 2016 storben
1191 1990 1277 2015 war.

1063 2037 1116 2068 13.
1165 2023 1266 2068 Uber
1291 2044 1341 2068 au
1365 2044 1391 2068 0.
1417 2032 1513 2068 Ε1111.
1540 2036 1570 2076 ξ.
1596 2036 1653 2069 83.

1060 2091 1124 2128 68.
1177 2097 1206 2128 1.
1260 2091 1447 2136 Ciliciam,
1472 2092 1637 2128 namlich
1662 2093 1761 2130 nach

1012 2139 1289 2186 Pompejopolis
1314 2151 1361 2175 an
1384 2140 1450 2175 der
1476 2140 1605 2184 Kfiste,
1625 2151 1681 2186 cp.
1703 2143 1763 2176 58.

1061 2196 1093 2228 3.
1137 2191 1207 2228 Die
1226 2192 1393 2228 Albaner
1411 2192 1588 2228 wohnten
1611 2192 1665 2228 im
1683 2194 1760 2229 cst-

1015 2239 1139 2275 lichen
1152 2240 1355 2275 Kaukasus.
1377 2238 1437 2274 die
1456 2238 1678 2284 Heniocher,
1699 2239 1762 2276 0111

1014 2286 1243 2327 Reitervolk,
1270 2285 1442 2322 westlich
1467 2286 1590 2322 davon
1609 2287 1668 2322 bis
1694 2298 1763 2323 ans

1015 2334 1200 2369 schwarze
1218 2333 1331 2368 Meer.
1368 2333 1481 2368 Beide
1495 2333 1645 2369 werden
1665 2334 1763 2370 auch

1015 2393 1089 2417 von
1121 2381 1206 2416 dem
1237 2381 1379 2416 alteren
1402 2379 1545 2416 Plinius
1577 2381 1758 2418 erwahnt.

1063 2438 1097 2470 4.
1136 2434 1222 2469 avia
1239 2434 1415 2477 saltuum,
1438 2433 1505 2469 wie
1525 2445 1582 2479 cp.
1605 2437 1649 2469 15
1671 2434 1760 2470 avia

1020 2480 1164 2517 Oceani.
1221 2484 1283 2524 13,
1322 2484 1365 2516 37
1398 2482 1602 2517 Armeniae.
1667 2480 1763 2518 Ovid

1015 2530 1102 2564 met.
1125 2531 1155 2572 1,
1174 2531 1243 2563 479
1264 2528 1350 2563 avia
1368 2538 1563 2564 nemorum.
1606 2527 1641 2564 S.
1661 2527 1758 2564 Einl.

1015 2579 1045 2619 §.
1063 2575 1204 2663 {O'Dler
1226 2627 1412 2672 Pyramus
1431 2627 1542 2664 fliesst
1557 2629 1654 2664 etwa
1673 2628 1764 2664 aoht

1016 2674 1154 2711 Meilen
1180 2673 1316 2710 csfflch
1341 2686 1413 2710 von
1436 2675 1725 2721 Pompeiopolis.

1064 2737 1096 2770 8.
1135 2733 1204 2769 Die
1220 2734 1357 2769 evocati
1379 2730 1613 2780 (ἀνάκλητοι)
1641 2744 1763 2770 waren

1017 2779 1255 2826 Freiwillige‚
1282 2780 1454 2825 gediente
1474 2781 1599 2825 Lente,
1626 2779 1687 2816 die
1705 2779 1759 2816 im

1017 2829 1145 2873 Range
1169 2827 1246 2863 und
1271 2827 1382 2863 Solde
1416 2828 1488 2864 den
1514 2828 1763 2864 Centurionen

1018 2873 1142 2921 gleich
1167 2874 1335 2910 standen.
