1806 3120
118 671 173 714 76

117 1321 170 1363 77

185 89 272 132 140

188 198 372 250 cunctis,
413 198 527 253 quod
568 197 728 241 femina
768 198 999 240 nobilitate
1038 198 1254 254 princeps,

609 88 840 126 CORNELII
865 89 1029 126 TACITI
1053 88 1317 125 ANNALIUM

1293 197 1581 252 pulcherrimo
1618 197 1747 241 modo

139 268 160 301 5
187 258 464 300 matrimonio
504 258 615 300 inter
654 257 899 300 venerantis
940 257 1239 313 gratantisque
1280 257 1414 312 aspici
1455 256 1603 309 solita,
1642 259 1748 300 tunc

185 315 337 359 feralis
368 316 573 372 reliquias
606 317 704 359 sinu
735 317 886 372 ferret,
916 316 1080 358 incerta
1110 315 1306 371 ultionis,
1343 316 1471 358 anxia
1507 315 1575 358 sui
1607 318 1651 358 et
1683 316 1747 358 in-

184 375 299 417 felici
337 375 599 418 fecunditate
636 376 836 418 fortunae
873 375 1033 418 totiens
1072 375 1270 418 obnoxia.

1332 374 1534 417 Pisonem
1571 375 1746 417 interim

186 434 299 489 apud
326 432 462 477 Coum
487 436 671 477 insulam
696 435 874 477 nuntius
901 434 1150 489 adsequitur
1177 433 1410 476 excessisse
1432 432 1746 476 Germanicum.

187 507 275 548 quo
308 494 645 549 intemperanter
671 496 845 549 accepto
872 493 1012 536 caedit
1034 493 1246 547 victimas,
1278 493 1368 535 adit
1400 493 1577 547 templa,
1607 507 1749 548 neque

119 564 164 596 10
191 552 284 608 ipse
315 553 519 608 gaudium
551 553 776 596 moderans
809 555 851 594 et
881 553 1020 608 magis
1058 552 1343 595 insolescente
1374 551 1599 605 Plancina,
1638 566 1750 607 quae

190 611 354 653 luctum
387 612 570 654 amissae
603 612 761 654 sororis
792 614 885 653 tum
916 613 1103 667 primum
1134 611 1251 654 lacto
1284 611 1402 653 cultu
1433 611 1629 653 mutavit.

310 671 572 713 Adfluebant
608 671 880 713 centuriones
921 671 1237 738 monebantque
1277 673 1477 725 prompta
1515 670 1579 712 illi
1615 669 1749 726 legio-

190 743 296 771 num
328 730 487 772 studia:
518 732 730 784 repeteret
754 730 1019 785 provinciam
1044 744 1131 771 non
1156 730 1247 771 iure
1273 730 1465 772 ablatam
1491 731 1534 771 et
1557 743 1748 771 vacuam.

190 788 325 844 igitur
365 789 466 843 quid
504 789 717 845 agendum
755 789 1020 831 consultanti
1056 788 1113 830 M.
1144 787 1244 830 Piso
1281 788 1395 830 filius
1431 788 1749 843 properandum

191 848 236 889 in
267 848 419 890 urbem
452 848 670 890 censebat:
707 848 817 890 nihil
856 848 994 890 adhuc
1031 847 1288 902 inexpiabile
1320 846 1572 903 admissum,
1608 861 1749 902 neque

143 917 164 949 5
191 907 458 961 suspiciones
490 907 711 949 inbecillas
744 909 818 948 aut
849 907 996 949 inania
1025 906 1166 948 famae
1191 906 1544 961 pertimescenda.
1591 906 1751 948 discor-

192 965 305 1007 diam
339 980 442 1021 erga
474 965 778 1008 Germanicum
810 966 907 1008 odio
939 965 1124 1007 fortasse
1157 965 1352 1020 dignam,
1388 980 1476 1007 non
1512 979 1667 1021 poena3
1706 967 1750 1007 et

193 1024 465 1079 ademptione
503 1025 750 1080 provinciae
790 1025 896 1066 satis
934 1025 1096 1066 factum
1133 1024 1332 1067 inimicis.

1395 1024 1509 1079 quod
1540 1025 1577 1066 si
1607 1037 1748 1080 regre-

193 1083 381 1135 deretur,
414 1084 652 1127 obsistente
685 1083 833 1126 Sentio
867 1084 988 1126 civile
1020 1084 1180 1126 bellum
1212 1083 1367 1139 incipi3
1403 1097 1481 1125 nec
1522 1083 1749 1126 duraturos

192 1143 239 1185 in
270 1144 468 1197 partibus
501 1143 773 1186 centuriones
804 1143 1068 1198 militesque,
1100 1142 1213 1198 apud
1245 1157 1353 1198 quos
1385 1156 1534 1185 recens
1565 1142 1749 1197 impera-

190 1262 363 1304 valeret.

119 1213 163 1246 10
189 1203 298 1244 toris
337 1203 404 1244 sui
441 1203 650 1245 memoria
688 1206 730 1244 et
766 1203 938 1257 penitus
976 1202 1130 1243 infixus
1162 1202 1207 1243 in
1239 1200 1443 1244 Caesares
1477 1215 1597 1243 amor
1627 1215 1750 1256 prae-

307 1320 469 1363 Contra
500 1319 718 1363 Domitius
751 1319 886 1375 Celer,
919 1334 969 1362 ex
1000 1319 1155 1361 intima
1186 1320 1277 1361 eius
1310 1318 1513 1370 amicitia,
1546 1318 1751 1361 disseruit

187 1379 391 1421 utendum
429 1383 603 1422 eventu:
640 1380 860 1433 Pisonem,
896 1394 985 1421 non
1018 1378 1212 1421 Sentium
1246 1377 1396 1420 Suriae
1433 1378 1748 1434 praepositum;

185 1438 286 1480 huic
311 1439 450 1481 fasces
477 1442 521 1480 ct
545 1439 612 1480 ius
639 1438 863 1494 praetoris,
886 1438 986 1480 huic
1010 1438 1203 1493 legiones
1223 1437 1358 1480 datas.
1400 1437 1437 1479 si
1463 1437 1564 1492 quid
1590 1437 1749 1479 hostile

187 1498 384 1553 ingruat,
435 1512 561 1553 quem
611 1498 766 1540 iustius
810 1512 929 1539 arma
973 1497 1273 1552 oppositurum
1317 1510 1441 1550 quam
1490 1496 1563 1551 qui
1611 1496 1748 1551 legati

143 1567 164 1599 5
192 1556 494 1599 auctoritatem
545 1560 589 1599 et
637 1557 813 1612 propria
863 1556 1067 1598 mandata
1117 1555 1358 1611 acceperit?
1419 1555 1748 1610 relinquendum

191 1615 322 1657 etiam
353 1615 598 1658 rumoribus
629 1619 800 1671 tempus
828 1630 910 1671 quo
943 1617 1188 1657 senescant:
1220 1614 1471 1669 plerumque
1496 1613 1747 1656 innocentes

190 1675 355 1717 recenti
385 1675 575 1717 invidiae
606 1675 791 1730 inpares.
841 1678 887 1717 at
918 1675 955 1716 si
985 1677 1129 1716 teneat
1160 1674 1403 1727 exercitum,
1436 1675 1593 1728 augeat
1624 1673 1749 1728 vires,

190 1734 346 1789 multa,
387 1749 495 1789 quae
527 1734 741 1789 provideri
772 1748 858 1776 non
889 1733 1074 1788 possint,
1112 1732 1291 1775 fortuito
1322 1732 1369 1774 in
1399 1732 1552 1774 melius
1584 1746 1748 1775 casura.

190 1791 263 1835 ‘an
286 1792 542 1835 festinamus
563 1808 660 1835 cum
679 1792 920 1835 Germanici
947 1792 1161 1835 cineribus
1189 1791 1414 1846 adpellere,
1438 1793 1488 1833 ut
1513 1793 1556 1833 te
1582 1791 1749 1833 inaudi-

235 1925 268 1956 6.
307 1921 454 1965 feralis,
488 1920 558 1955 wie
594 1932 651 1966 cp.
677 1924 720 1956 31
757 1921 930 1958 tenebrae.

189 1972 222 2013 3,
249 1973 267 2003 1
295 1980 413 2012 urna,
444 1966 507 2003 bei
531 1967 711 2003 Dichtern
740 1968 817 2003 und
843 1968 932 2012 Spa-

187 2017 304 2052 teren.
325 2036 367 2040 —
390 2016 507 2051 anxia
525 2016 599 2060 sui,
618 2015 688 2051 wie
707 2018 741 2058 4,
762 2019 818 2051 59.
843 2014 931 2050 hist.

189 2067 221 2107 3,
249 2067 305 2098 38.
340 2074 423 2098 ann.
449 2066 482 2106 4,
510 2066 553 2097 12
585 2064 771 2108 potentiae
804 2063 933 2106 anxia,

189 2110 261 2146 seit
287 2109 437 2145 Sallust.

240 2172 272 2204 8.
299 2169 463 2205 excedere
481 2169 676 2213 „sterben“
697 2170 773 2205 erst
795 2169 847 2204 im
873 2168 933 2204 sil-

194 2216 334 2251 bernen
347 2215 491 2251 Latein.
523 2214 592 2250 Die
611 2215 800 2252 Fruheren
820 2216 934 2261 fiigen

193 2263 271 2299 vita
296 2262 385 2297 oder
410 2273 427 2298 e
451 2263 527 2298 vita
552 2263 675 2299 hinzu.

242 2325 295 2357 10.
321 2312 420 2356 liber
444 2322 650 2357 insolescere
676 2333 703 2357 s.
724 2333 769 2356 zu
798 2332 853 2366 cp.
877 2325 932 2357 63.

239 2380 258 2416 7
263 2379 300 2416 6.
314 2384 347 2415 2.
361 2391 514 2416 vacuam
525 2380 645 2425 „ohne
661 2379 932 2423 Statthalter“;

188 2427 266 2473 vgl.
286 2438 330 2462 zu
355 2439 411 2473 cp.
432 2431 464 2463 3.

238 2490 270 2522 3.
308 2486 533 2522 consultanti
566 2486 616 2521 ist
651 2486 786 2522 h6chst
822 2496 936 2531 unge-

190 2532 379 2570 wbhnlich
408 2532 515 2569 nicht
540 2543 627 2569 vom
651 2533 936 2578 Hauptverbum

192 2581 355 2617 censebat
382 2582 490 2626 (statt
514 2581 716 2626 respondit)
736 2580 936 2628 abhaugig,

190 2628 349 2664 sondern
387 2638 461 2663 von
495 2629 783 2673 properandum.
832 2619 935 2662 Α1111-

188 2674 266 2710 lich
294 2680 354 2719 11,
381 2679 402 2710 3
437 2676 661 2711 consultanti
685 2695 729 2701 —
755 2676 844 2720 flens
876 2674 937 2710 Vi-

188 2723 309 2757 tellius
341 2725 616 2758 commemorata
647 2725 823 2758 vestutate
847 2723 936 2757 ami·

189 2769 298 2804 citiae
324 2790 368 2795 —
397 2770 548 2805 liberum
579 2770 704 2805 mortis
740 2770 935 2805 arbitrium

192 2816 225 2851 ei
246 2817 426 2861 permisit,
451 2828 509 2852 wo
528 2816 599 2851 mit
618 2817 841 2853 consultanti
858 2816 933 2851 und

194 2863 228 2897 ei
258 2862 524 2898 verschiedene
551 2863 735 2899 Personen
769 2864 934 2908 gemeint

1004 1919 1088 1955 sind
1112 1918 1187 1954 und
1214 1919 1278 1954 der
1302 1920 1399 1954 erste
1419 1917 1531 1955 Dativ
1553 1929 1626 1954 von
1651 1929 1746 1967 com-

1004 1970 1201 2003 memorata
1215 1966 1401 2021 ‘abh‘angt

1053 2018 1085 2050 5.
1112 2014 1245 2049 inania
1269 2014 1406 2058 famae,
1431 2012 1501 2048 wie
1525 2013 1616 2059 Agr.
1642 2017 1662 2049 6
1688 2013 1750 2049 in-

1005 2062 1096 2097 ania
1119 2061 1277 2098 honoris.
1322 2072 1405 2097 ann.
1432 2064 1466 2106 4,
1492 2064 1537 2096 59
1562 2071 1662 2096 vana
1685 2071 1749 2096 ru-

1005 2119 1126 2145 moris.

1054 2160 1085 2191 6.
1130 2166 1216 2201 crya
1259 2154 1542 2201 „gegem'iber“,
1587 2167 1614 2191 s.
1649 2154 1747 2190 Einl.

1057 2250 1119 2286 77.
1153 2253 1184 2286 1.
1217 2249 1381 2285 amicitia
1406 2249 1499 2284 statt
1523 2249 1650 2293 amici,
1675 2249 1747 2285 wie

1007 2309 1064 2343 c.p
1091 2301 1135 2333 27
1161 2308 1205 2333 eae
1229 2297 1361 2332 intima
1385 2296 1539 2332 Libonis
1570 2296 1747 2332 amicitia.

1006 2345 1122 2380 Dafur
1147 2344 1212 2379 der
1236 2343 1362 2378 Plural
1387 2343 1588 2379 amicitiae:
1618 2346 1659 2387 4,
1687 2346 1746 2379 40.

1007 2396 1039 2436 5,
1061 2396 1093 2428 2
1130 2390 1216 2437 Vgl.
1236 2389 1332 2426 Einl.
1353 2394 1384 2433 ξ.
1404 2395 1437 2425 2.

1055 2442 1087 2475 5
1114 2439 1290 2483 propria,
1314 2437 1480 2473 n‘amlich
1503 2448 1591 2473 vom
1615 2436 1749 2473 Kaiser

1009 2496 1129 2532 gegen
1154 2485 1227 2520 den
1249 2483 1501 2528 Germanicus,
1527 2496 1603 2520 was
1620 2483 1747 2520 Domi-

1008 2533 1083 2568 tius
1115 2531 1302 2568 entweder
1335 2531 1438 2567 weiss
1473 2532 1562 2567 oder
1595 2542 1746 2567 vorans·

1009 2581 1103 2616 setzt
1127 2579 1202 2614 und
1227 2589 1301 2613 was
1321 2577 1474 2614 Tacitus
1500 2578 1747 2615 wahrschein·

1008 2626 1085 2662 lich
1104 2626 1199 2661 auch
1219 2624 1360 2670 glaubt‚
1387 2625 1618 2671 wenngleich
1642 2637 1683 2662 er
1707 2636 1746 2662 es

1010 2674 1116 2710 nicht
1140 2673 1349 2709 versichern
1374 2672 1485 2708 kann.

1055 2725 1088 2757 6.
1120 2731 1295 2756 senescere
1320 2731 1391 2755 von
1416 2719 1632 2756 sachlichen
1656 2718 1747 2755 oder

1007 2767 1224 2804 abstrakten
1244 2766 1446 2813 Begriffen,
1465 2767 1535 2802 wie
1554 2767 1638 2803 hist.
1653 2769 1686 2807 2
1699 2769 1746 2802 24

1005 2825 1185 2851 senescens
1224 2815 1335 2858 fama.
1385 2794 1589 2850 Ah'n1iches
1632 2794 1746 2850 sefion

1005 2862 1067 2898 bei
1094 2860 1219 2897 Cicero
1244 2861 1319 2896 und
1345 2860 1484 2897 Livius.
