1820 3100
567 106 712 143 LIBER
734 106 797 143 XI.
842 105 945 142 GAP.
974 108 1124 141 15—18.
1581 104 1637 147 15

68 215 200 258 alium
242 215 453 258 infensius
497 229 617 258 arma
654 217 804 257 contra
839 213 1029 269 patriam
1066 226 1115 255 ac
1152 212 1254 255 deos
1291 215 1468 267 penates
1506 228 1635 269 quam

68 277 292 331 parentem
323 274 414 317 eius
446 274 694 317 exercuisse.

186 333 268 376 His
304 336 431 389 atque
467 333 628 376 talibus
665 345 847 388 magnas
883 332 1028 387 copias
1067 345 1260 387 coegere3
1297 345 1377 373 nec
1413 331 1636 386 pauciores
1653 335 1705 376 17

66 393 267 436 Italicum
299 393 599 449 sequebantur.
659 406 749 434 non
781 391 894 434 enim
924 391 1139 446 inrupisse
1171 391 1224 433 ad
1255 390 1432 446 invitos,
1463 391 1537 433 sed
1568 405 1635 434 ac-

69 452 202 496 citum
233 453 512 508 memorabat,
543 451 713 507 quando
744 450 974 493 nobilitate
1006 453 1170 493 ceteros
1197 450 1400 492 anteiret:
1430 450 1634 492 virtutem

67 512 379 567 experirentur,
423 526 478 553 an
515 511 694 566 dignum
732 524 777 552 se
813 512 969 565 patruo
1013 510 1230 564 Arminio,
1275 524 1354 552 avo
1398 509 1634 552 Actumero

65 571 304 627 praeberet.
362 584 442 613 nec
471 572 640 626 patrem
669 570 835 624 rubori,
873 569 989 626 quod
1018 569 1146 612 fidem
1178 568 1382 611 adversus
1413 568 1634 612 Romanos
1660 581 1681 613 5

65 630 311 673 volentibus
337 628 562 672 Germanis
595 631 811 684 sumptam
835 643 1070 684 numquam
1096 628 1324 671 omisisset.
1373 628 1484 671 falso
1509 629 1635 671 liber-

65 691 170 732 tatis
197 689 456 745 ,vocabulum
487 688 664 732 obtendi
696 689 750 731 ab
782 688 848 742 iis,
880 688 954 744 qui
981 688 1184 743 privatim
1210 687 1456 744 degeneres,
1486 688 1532 730 in
1557 703 1634 743 pu·

64 749 225 791 blicum
269 748 457 804 exitiosi,
498 748 609 790 nihil
654 747 745 803 spei
786 747 872 790 nisi
914 762 992 802 per
1028 747 1262 790 discordias
1300 746 1504 790 habeant.
1565 747 1634 790 ad-

64 808 283 863 strepebat
313 807 412 850 huic
443 808 583 850 alacre
613 807 789 863 vulgus3
821 809 865 849 et
895 821 1054 863 magno
1085 807 1199 849 inter
1228 806 1437 849 barbaros
1468 806 1632 862 proelio

63 867 203 910 victor
238 881 329 922 reX,
367 867 464 909 dein
500 867 686 909 secunda
715 867 890 909 fortuna
921 866 976 909 ad
1008 866 1252 921 superbiam
1283 866 1511 922 prolapsus
1542 866 1634 921 pul-
1660 877 1704 910 10

6 974 13 983 Ι
62 940 220 982 susque
264 940 313 968 ac
357 941 505 969 rursus
543 925 928 982 Langobardorum
966 925 1121 981 opibus
1158 925 1361 980 refectus,
1403 939 1480 980 per
1516 925 1633 968 laeta

60 994 138 1041 per
170 985 349 1028 adversa
379 1000 447 1028 res
480 984 720 1028 Cheruscas
754 985 1015 1027 adflictabat.

181 1044 266 1087 Per
288 1045 402 1087 idem
425 1047 597 1100 tempus
624 1043 796 1099 Chauci,
823 1044 944 1087 nulla
969 1044 1236 1086 dissensione
1261 1043 1391 1099 domi,
1423 1045 1467 1085 et
1491 1045 1632 1086 morte
1649 1045 1701 1088 18

62 1102 287 1159 Sanquinii
324 1103 503 1160 alacres,
542 1103 643 1146 dum
685 1102 871 1146 Corbulo
908 1103 1131 1159 adventat,
1168 1103 1417 1146 inferiorem
1455 1101 1631 1145 Germa-

59 1162 179 1205 niam
206 1164 477 1206 incursavere
503 1163 608 1206 duce
635 1161 877 1219 Gannasco,
908 1163 983 1219 qui
1006 1163 1184 1206 natione
1211 1161 1484 1215 Canninefas‚
1516 1162 1631 1204 auxi-

59 1222 180 1264 liaris
212 1224 256 1264 et
285 1222 358 1265 diu
390 1223 587 1277 meritus,
623 1224 723 1278 post
751 1222 999 1279 transfuga,
1036 1223 1202 1265 levibus
1237 1221 1422 1277 navigiis
1452 1222 1630 1276 praeda-

59 1281 229 1324 bundus
257 1280 481 1324 Gallorum
511 1283 696 1324 maxime
729 1296 850 1324 oram
881 1283 1094 1337 vastabat,
1117 1288 1214 1324 ‘non
1245 1282 1422 1337 ignarus
1451 1280 1561 1323 dites
1589 1282 1632 1323 et
1657 1294 1677 1326 5

58 1340 240 1383 inbelles
280 1354 386 1383 esse.
448 1343 494 1383 at
531 1339 719 1384 Corbulo
762 1341 1029 1396 provinciam
1071 1341 1294 1397 ingressus
1339 1354 1496 1397 magna
1532 1354 1631 1382 cum

61 1413 162 1442 cura
199 1402 243 1442 et
279 1415 379 1443 mox
416 1400 573 1457 gloria,
609 1401 678 1443 cui
712 1400 973 1457 principium
1002 1401 1078 1443 illa
1108 1400 1264 1443 militia
1294 1399 1395 1455 fuit,
1432 1399 1630 1443 triremes

60 1458 183 1502 alveo
208 1459 361 1515 Rheni,
391 1461 555 1502 ceteras
586 1460 774 1515 navium,
804 1463 853 1502 ut
884 1474 1076 1516 quaeque
1103 1460 1284 1514 habiles,
1315 1473 1392 1515 per
1417 1459 1631 1502 aestuaria

60 1520 104 1560 et
140 1518 281 1561 fossas
318 1519 482 1574 adegit3
520 1519 808 1574 lintribusque
845 1519 1039 1563 hostium
1076 1519 1290 1574 depressis
1327 1521 1371 1560 et
1402 1519 1629 1562 exturbato

107 1658 169 1695 17.
206 1662 238 1695 3.
271 1649 372 1695 Uber
402 1661 550 1706 quando
578 1660 617 1696 in
643 1661 810 1697 causaler

56 1705 280 1761 Bedeutung
310 1719 337 1743 s.
371 1707 467 1744 Einl.
500 1711 530 1751 §-
558 1712 638 1744 100.
671 1729 715 1735 -
742 1720 808 1744 an-

57 1753 147 1789 teire
164 1754 236 1789 mit
255 1754 341 1790 dem
360 1755 572 1800 Acmsativ,
597 1756 668 1792 wie
694 1760 731 1800 3,
748 1759 806 1792 47.

56 1800 143 1836 hist.
170 1804 203 1845 2,
224 1804 246 1836 5
269 1801 347 1837 und
369 1802 476 1847 efter,
505 1803 602 1838 noch
622 1803 727 1839 nicht
743 1804 806 1839 bei

60 1846 189 1884 Cicero
215 1848 291 1883 und
316 1848 460 1885 Caesar.

110 1913 369 1949 evolantibus
388 1913 591 1950 Germanis.
623 1914 684 1961 Vg
685 1915 709 1951 1.
730 1919 764 1960 2,
784 1919 806 1951 4

58 1959 341 1996 Ariobarzanen
382 1961 584 1998 volentibus
619 1927 807 1998 Armeniis

54 2007 247 2053 praefecit.

107 2075 138 2108 ’1.
171 2073 358 2109 obtendere
395 2073 686 2119 „vorschn‘itzen‘⁴
735 2074 806 2111 wie

61 2123 100 2163 1,
125 2122 183 2157 26.
216 2124 330 2164 3,1⁷
355 2101 433 2156 un'd
458 2121 571 2167 efter,
602 2121 642 2157 in
667 2103 806 2158 diesem

61 2147 174 2203 Sinne
198 2178 266 2203 vor
292 2167 444 2204 Tacitus
474 2169 804 2215 ungebrauchlich.

57 2213 163 2250 Doch
201 2216 286 2260 sagt
323 2215 438 2252 sehon
470 2216 611 2253 Sallust
644 2217 807 2253 obtentui

58 2271 146 2306 esse,
178 2261 325 2298 Livius·
356 2264 422 2299 sub
454 2265 610 2301 obtentu.
638 2285 682 2290 —
708 2266 805 2318 deyc-

57 2320 122 2345 ner
153 2321 250 2353 „von
280 2310 451 2346 niederer
477 2311 687 2348 Herkunft“
690 2340 699 2356 ‚
735 2311 806 2348 wie

58 2360 98 2400 6,
128 2361 185 2393 42.
227 2361 289 2402 12,
321 2361 377 2393 51.
432 2359 475 2394 In
512 2359 634 2395 dieser
666 2360 806 2396 Bedeu·

57 2403 151 2450 tung
181 2404 309 2441 fri’iher
339 2405 668 2451 ungebrauohlich.
719 2406 803 2453 vgl.

61 2462 105 2486 zu
130 2455 169 2496 6,
194 2456 252 2488 42.

106 2514 163 2545 11.
206 2509 276 2546 Die
319 2511 606 2557 Langobarden.
658 2514 804 2549 damals

60 2557 291 2594 nordostlich
338 2570 412 2594 von
456 2559 528 2595 den
571 2551 805 2597 Cheruskern

58 2604 254 2650 wohnend,
274 2616 322 2641 an
340 2606 475 2642 beiden
490 2607 606 2642 Ufem
620 2608 686 2643 der
697 2608 803 2653 Elbe,

59 2652 207 2688 werden
256 2654 333 2689 erst
379 2653 432 2689 im
485 2654 656 2690 sechsten
698 2656 803 2691 Jahr-

59 2697 220 2735 hundert
257 2700 457 2737 historisch
494 2701 716 2738 bedentend.
758 2724 802 2729 —

54 2755 124 2790 per
160 2747 255 2782 laeta
286 2759 356 2793 per
389 2749 553 2785 adversa.
609 2741 709 2785 ‘Uber
739 2749 805 2786 das

60 2759 316 2830 adversativep
306 2796 525 2842 Asyndeton
544 2809 571 2833 s.
586 2796 683 2832 Einl.
702 2800 731 2840 ξ.
748 2801 804 2833 74.

108 2885 170 2923 18.
202 2892 233 2925 1.
264 2889 334 2926 Die
354 2889 532 2926 Chauken
556 2891 733 2927 wohnten
758 2903 806 2928 an

882 1661 953 1743 dell·J
972 1660 1151 1706 Nordsee,
1180 1671 1254 1696 von
1280 1660 1347 1695 der
1370 1659 1459 1696 Ems
1483 1661 1543 1696 bis
1567 1673 1631 1696 zur

880 1709 927 1744 El
955 1719 986 1744 e.

929 1760 962 1792 2.
993 1754 1070 1791 Der
1088 1755 1170 1791 'rod
1192 1754 1259 1790 des
1279 1754 1515 1800 Sanquinius,
1541 1755 1629 1791 wel·

882 1804 971 1840 cher
1026 1802 1286 1848 Stadtprafekt
1327 1803 1404 1838 und
1458 1802 1628 1839 zweimal

881 1851 1024 1886 Konsul
1058 1861 1228 1895 gewesen
1254 1860 1348 1893 war,
1380 1849 1475 1885 wird
1500 1849 1539 1884 in
1564 1850 1630 1885 der

881 1896 1212 1943 voraufgehenden
1242 1897 1370 1932 Lficke
1405 1897 1471 1932 der
1502 1897 1628 1932 Hand-

880 1944 1012 1980 schrift
1050 1944 1218 1980 erwahnt
1250 1943 1401 1980 worden
1437 1943 1528 1979 sein.
1576 1944 1628 1980 Er

879 1992 981 2028 starb
1007 1992 1062 2027 als
1082 1991 1284 2037 Proprfitor
1304 2002 1366 2027 am
1385 1991 1627 2036 Unterrhein3

878 2038 1066 2075 Domitius
1100 2037 1260 2074 Corbulo
1298 2038 1350 2074 ist
1386 2038 1466 2074 sein
1504 2039 1628 2074 Nach-

878 2086 1015 2133 foIger,
1051 2097 1126 2122 von
1157 2086 1256 2122 Nero
1288 2089 1333 2121 67
1372 2098 1456 2121 zum
1488 2085 1627 2123 Selbst-

879 2134 987 2169 mord
1012 2145 1252 2179 gezwungen.

927 2185 960 2217 3.
986 2181 1055 2217 Die
1078 2180 1347 2217 Canninefaten
1366 2181 1542 2217 wohnten
1562 2181 1630 2217 auf

880 2229 946 2265 der
982 2228 1132 2275 grossen
1169 2227 1398 2264 Rheininsel.
1456 2228 1552 2265 Plin.
1589 2241 1626 2265 ιι.

878 2277 914 2312 h.
941 2281 964 2312 4
995 2280 1025 2320 ξ.
1054 2281 1119 2312 101
1153 2278 1195 2312 in
1227 2276 1354 2312 Rheno
1384 2277 1484 2322 ipso,
1510 2287 1628 2322 prope

881 2323 962 2360 GM
986 2335 1085 2370 pass.
1123 2325 1167 2359 in
1203 2324 1484 2370 lonyitudinem,
1523 2325 1627 2359 nobi-

879 2372 1019 2408 lissima
1049 2373 1279 2408 Batavorum
1309 2372 1436 2407 insula
1466 2375 1499 2407 et
1533 2370 1626 2407 Gim-

878 2421 1111 2464 ninefatium.

926 2471 959 2503 5.
992 2468 1094 2503 dites.
1143 2444 1254 2502 Diese
1287 2467 1482 2502 verkurzte
1512 2466 1625 2501 Form

877 2515 928 2550 ist
952 2514 1180 2550 dichterisch
1205 2514 1281 2548 und
1306 2512 1600 2548 nachklassisch.

925 2566 957 2598 8.
991 2562 1146 2604 habiles,
1184 2561 1371 2596 natfirfich
1409 2560 1625 2605 Fahrzeuge

876 2608 948 2644 mit
971 2609 1207 2655 geringerem
1232 2608 1449 2653 Tiefgange.

924 2660 956 2692 9.
995 2656 1165 2699 fossae,
1169 2655 1358 2700 ‚Kaualefi
1396 2674 1441 2680 —
1480 2655 1626 2700 adiyere

876 2714 951 2738 von
982 2702 1161 2747 Schiffen,
1196 2703 1267 2738 wie
1299 2706 1339 2747 2,
1372 2706 1392 2738 7
1425 2703 1512 2738 dum
1543 2703 1623 2738 adi-

876 2754 1016 2797 9untwr
1040 2761 1161 2786 naves.
1190 2750 1276 2785 hist.
1304 2753 1338 2794 2,
1364 2753 1409 2785 83
1436 2750 1582 2786 classem
1606 2761 1624 2785 e

879 2798 1000 2834 Ponto
1036 2798 1265 2844 Byzantium
1307 2797 1412 2843 adiqi
1453 2798 1622 2842 iusserat,

877 2845 954 2881 und
979 2845 1086 2881 ofter.
1132 2845 1180 2881 So
1206 2857 1276 2880 nur
1294 2845 1356 2881 bei
1376 2844 1528 2881 Tacitus
1547 2845 1623 2880 und

877 2893 930 2928 im
956 2892 1176 2939 Spatlatein.
