1820 3100
107 1013 164 1056 57

174 86 261 130 184

611 84 845 122 CORNELII
867 84 1028 123 TACITI
1050 83 1309 121 ANNALIUM

127 205 150 238 ὅ
177 208 227 237 ac
274 196 422 236 tamen
471 193 760 248 appellatione
816 193 961 248 aliqua
1015 195 1156 236 cetera
1203 192 1386 248 imperia
1433 192 1736 248 praemineret.

175 252 369 296 Marcum
394 252 545 294 deinde
569 251 809 308 Agrippam
835 252 999 295 socium
1025 252 1116 294 eius
1140 252 1384 307 potestatis,
1415 266 1500 306 quo
1532 250 1736 294 defuncto

176 311 398 354 Tiberium
427 310 647 353 Neronem
678 310 849 366 delegit,
880 325 935 352 ne
967 324 1187 353 successor
1216 311 1263 352 in
1293 311 1457 352 incerto
1488 309 1614 352 foret.
1672 309 1735 352 sic

176 370 369 413 cohiberi
393 384 550 425 pravas
577 369 760 411 aliorum
786 382 883 423 spes
908 369 1103 423 rebatur3
1135 368 1263 410 simul
1287 367 1524 410 modestiae
1547 367 1735 411 Neronis

171 431 221 471 et
252 443 352 471 suae
384 427 673 483 magnitudini
702 427 875 469 fidebat.
926 441 1009 481 quo
1041 429 1145 469 tunc
1177 427 1369 482 exemplo
1399 426 1595 468 Tiberius
1626 426 1738 469 Dru·

106 498 152 531 10
178 502 274 530 sum
306 500 498 530 summae
528 486 591 528 rei
622 486 831 541 admovit,
869 499 967 527 cum
996 485 1200 528 incolumi
1233 485 1488 527 Germanico
1518 484 1736 541 integrum

176 546 290 588 inter
327 546 433 588 duos
470 544 676 587 iudicium
706 544 929 586 tenuisset.

991 543 1065 585 sed
1095 543 1305 598 principio
1337 544 1583 586 litterarum
1613 558 1738 586 vene*

176 606 299 648 ratus
333 604 454 658 deos,
491 605 540 645 ut
570 602 751 646 consilia
783 617 860 644 sua
889 602 952 644 rei
982 601 1180 657 publicae
1211 605 1533 658 prosperarent,
1568 602 1739 646 modica

179 663 231 706 de
267 662 461 705 moribus
500 661 786 704 adulescentis
824 674 961 716 neque
997 661 1043 702 in
1073 660 1232 703 falsum
1265 663 1391 703 aucta
1420 661 1581 703 retulit.
1643 675 1739 703 esse

178 721 244 764 illi
276 721 504 776 coniugem
536 723 580 763 et
610 722 699 762 tres
731 719 891 762 liberos
923 733 1102 775 eamque
1134 722 1332 774 aetatem,
1367 735 1450 775 qua
1481 720 1574 775 ipse
1606 734 1739 775 quon-

108 790 152 822 15
179 781 278 823 dam
310 795 335 822 a
367 779 465 821 divo
498 778 697 834 Augusto
731 778 784 821 ad
816 779 1122 833 capessendum
1158 778 1241 821 hoc
1271 793 1426 820 munus
1457 780 1636 821 vocatus
1669 779 1737 821 sit.

177 853 315 894 neque
352 851 467 879 nunc
503 851 703 892 propere,
741 837 815 879 sed
852 852 929 892 per
967 838 1063 879 octo
1101 851 1236 879 annos
1274 840 1400 892 capto
1432 837 1738 892 experimento,

180 896 439 952 compressis
471 895 771 947 seditionibus,
803 895 1055 950 compositis
1086 895 1227 951 bellis,
1257 896 1566 952 triumphalem
1597 898 1640 938 et
1670 896 1740 938 bis

178 956 400 998 consulem
431 955 525 997 noti
556 954 718 996 laboris
749 954 1004 1009 participem
1036 954 1159 996 sumi.

298 1013 616 1069 Praeceperant
665 1013 819 1055 animis
869 1013 1109 1055 orationem
1158 1013 1322 1066 patres,
1370 1027 1453 1067 quo
1503 1013 1740 1068 quaesitior

180 1073 372 1115 adulatio
404 1072 499 1114 fuit.
559 1086 639 1114 nec
669 1074 817 1114 tamen
846 1074 1064 1127 repertum
1094 1071 1179 1112 nisi
1208 1073 1258 1112 ut
1288 1070 1453 1126 effigies
1483 1072 1739 1128 principum,

180 1146 277 1174 aras
310 1131 447 1187 deum,
478 1131 643 1186 templa
674 1134 718 1173 et
749 1145 873 1173 arcus
899 1131 1068 1186 aliaque
1096 1130 1225 1172 solita
1250 1132 1484 1184 censerent,
1514 1130 1599 1172 nisi
1624 1130 1738 1185 quod

179 1189 237 1232 M.
283 1188 454 1232 Silanus
506 1204 557 1232 ex
607 1190 870 1232 contumelia
918 1189 1165 1232 consulatus
1220 1188 1427 1231 honorem
1475 1189 1739 1245 principibus

132 1258 154 1290 5
179 1248 336 1303 petivit
367 1248 559 1304 dixitque
590 1262 669 1303 pro
702 1248 929 1303 sententia,
958 1250 1007 1290 ut
1037 1247 1221 1303 publicis
1245 1247 1481 1302 privatisve
1506 1248 1742 1290 monimen-

178 1308 236 1350 tis
269 1307 322 1349 ad
359 1307 613 1349 memoriam
649 1310 895 1363 temporum
931 1321 1020 1349 non
1057 1306 1282 1348 consulum
1319 1306 1496 1348 nomina
1531 1307 1741 1362 praescri-

228 1437 260 1470 5.
280 1434 509 1480 praeminere
527 1434 597 1469 mit
617 1434 702 1469 dem
722 1433 925 1470 Accusativ

179 1481 231 1516 ist
257 1481 469 1517 Taciteisch
493 1481 570 1516 und
594 1481 711 1517 findet
735 1481 816 1516 sich
848 1482 925 1517 erst

179 1528 220 1563 in
245 1528 318 1564 den
337 1526 524 1563 Annalen:
554 1531 609 1570 12,
631 1531 684 1563 12.
705 1532 761 1563 33.
791 1530 845 1569 15,
866 1531 921 1563 34.

180 1574 256 1609 Das
286 1574 397 1610 Wort
425 1574 572 1610 kommt
601 1574 728 1610 friiher
759 1586 828 1609 nur
861 1574 923 1610 bei

180 1620 323 1657 Sallust
340 1631 407 1657 vor
429 1621 507 1656 und
525 1621 616 1656 wird
641 1621 694 1656 im
713 1621 923 1666 Spatlatein

179 1668 360 1713 haufiger.

228 1719 259 1750 6.
273 1714 358 1750 Sein
367 1714 677 1759 Schwiegersohn
687 1715 742 1751 M.
751 1714 923 1760 Ayrippa

180 1761 316 1798 erhielt
350 1761 410 1796 die
444 1761 583 1797 Wfirde
616 1760 668 1796 im
702 1762 735 1796 J.
769 1765 812 1796 18
846 1762 922 1796 und

180 1809 282 1845 starb
310 1812 352 1843 12
379 1821 412 1844 v.
435 1807 518 1843 Chr.

231 1859 262 1891 7.
291 1855 460 1891 Tiberius
484 1855 618 1890 bekam
643 1854 702 1890 die
722 1855 924 1890 tribunicia

175 1905 336 1948 potestas
367 1902 435 1937 auf
457 1902 497 1947 je
529 1905 550 1936 5
582 1901 696 1936 Jahre
730 1906 749 1937 7
775 1914 809 1937 v.
838 1901 921 1938 Chr.

180 1948 259 1984 und
289 1953 312 1984 4
343 1961 381 1985 n.
408 1947 508 1994 Chr.,
540 1949 640 1984 dann
672 1948 739 1983 auf
765 1948 922 1984 Lebens-

181 1996 267 2032 zeit.
288 2017 332 2022 —
353 1995 422 2031 Die
447 2006 523 2031 von
547 1995 620 2030 den
638 1995 818 2031 Dichtern
844 1997 923 2031 ent-

179 2042 309 2079 lehnte
351 2042 631 2088 Verschiebung
674 2043 738 2078 des
779 2041 922 2088 Haupt-

180 2091 354 2126 verbums
385 2090 513 2135 deleyit
547 2088 587 2124 in
618 2090 690 2125 den
720 2089 921 2135 folgenden

183 2137 268 2172 Satz
292 2137 344 2172 ist
369 2136 455 2172 sehr
476 2135 692 2180 auffallend,
718 2136 814 2172 doch
833 2137 923 2172 'ahu-

180 2183 259 2219 lieh
296 2188 357 2228 13,
385 2187 429 2219 15
462 2185 578 2229 igitur
616 2184 740 2219 ceteris
776 2184 923 2219 diversa

180 2241 246 2266 nec
270 2231 436 2266 ruborem
461 2231 653 2273 adlatura,
679 2231 744 2265 ubi
767 2230 922 2266 Britan-

180 2278 265 2313 nico
283 2278 393 2312 iussit
411 2281 616 2323 exsuryeret
634 2280 693 2312 ett.
719 2276 807 2313 hist.
833 2282 862 2321 1,
878 2281 923 2313 83

181 2335 295 2370 neque
311 2327 354 2359 ut
372 2324 537 2367 adfectus
555 2327 689 2359 vestros
707 2324 749 2359 in
768 2335 924 2359 amorem

181 2372 251 2407 mei
282 2372 509 2407 accenderem
534 2391 576 2396 —-
603 2371 665 2406 sed
695 2371 779 2406 veni
800 2375 923 2415 postu-

182 2419 327 2454 laturus
358 2430 382 2454 a
412 2418 512 2454 vobis
543 2421 602 2453 ctt.
652 2417 830 2463 Weniger
860 2429 922 2463 ge-

182 2464 354 2500 ln‘instelt
385 2464 437 2500 ist
467 2476 551 2500 ann.
579 2469 611 2508 6,
637 2467 682 2499 29
708 2465 803 2500 nihil
827 2465 924 2500 hunc

184 2513 352 2548 amicitia
365 2512 505 2555 Seiani,
524 2513 586 2547 sed
599 2512 763 2555 labefecit
776 2532 820 2537 —
837 2513 924 2548 Ma-

183 2560 305 2595 cronis
341 2560 476 2596 odium.
537 2558 605 2594 Bei
644 2558 806 2594 anderen
838 2558 924 2594 Pro-

182 2605 333 2642 saikern
370 2606 420 2641 ist
457 2605 696 2651 dergleichen
731 2605 789 2640 bis
828 2606 927 2651 jetzt

181 2653 288 2689 nicht
311 2653 605 2698 nachgewiesen.

233 2704 287 2734 12.
327 2703 586 2745 prosperarent
622 2710 692 2734 nur
729 2699 812 2735 hier
848 2699 926 2734 und

134 2758 137 2761 ·
182 2746 268 2782 hist.
288 2750 329 2792 4,
350 2750 394 2782 53
421 2747 503 2783 deos
525 2750 695 2791 precatus
719 2747 778 2781 uti
802 2750 926 2799 coepta

177 2794 572 2884 {13355553532101332
583 2793 926 2876 wlffiteieffltaffl

997 1434 1109 1469 beten
1145 1432 1427 1478 gebrauchlich,
1465 1433 1535 1468 wie
1572 1433 1613 1469 in
1650 1434 1736 1470 dem

995 1480 1221 1525 Weihgebet
1252 1480 1317 1516 des
1347 1480 1528 1516 Priesters
1562 1479 1625 1516 bei
1657 1481 1738 1517 Liv.

996 1530 1029 1571 8,
1056 1531 1089 1570 9,
1117 1531 1136 1563 7
1162 1537 1224 1562 vos
1243 1538 1384 1573 precor,
1410 1538 1568 1572 veneror,
1593 1528 1739 1563 veniam

992 1578 1075 1618 peto
1117 1574 1263 1619 feroque
1305 1575 1363 1609 uti
1393 1575 1532 1620 populo
1570 1574 1738 1610 Romano

997 1620 1198 1666 Quiritium
1235 1621 1308 1656 vim
1350 1621 1610 1666 victoriamque
1647 1632 1737 1666 prc-

993 1668 1151 1712 speretis.

1044 1723 1098 1756 14.
1125 1720 1323 1765 coniuyem,
1342 1720 1402 1756 die
1421 1719 1568 1764 Livilla,
1591 1720 1740 1756 Schwe-

995 1768 1068 1802 ster
1101 1767 1166 1802 des
1191 1766 1442 1803 Germanicus.
1492 1771 1563 1803 tres
1588 1768 1739 1803 liberos.-

995 1813 1247 1858 Germanicus,
1273 1813 1456 1858 Tiberius,
1480 1813 1594 1850 Julia.

1044 1869 1099 1902 17.
1130 1866 1389 1907 seditionibus,
1421 1866 1487 1901 der
1518 1866 1742 1902 Militarauf-

995 1913 1106 1948 stand
1141 1913 1181 1948 in
1218 1912 1435 1948 Pannonien
1466 1913 1517 1948 im
1547 1913 1580 1949 J.
1610 1916 1665 1950 14.
1692 1934 1739 1940 —

996 1961 1108 2004 bellis,
1132 1960 1184 1995 im
1205 1959 1460 1995 stidostlichen
1479 1960 1736 1996 Deutschland

993 2007 1046 2042 im
1077 2008 1108 2043 J.
1139 2010 1299 2043 17-19.
1350 2006 1437 2042 Sein
1470 2006 1654 2052 Triumph
1685 2007 1740 2043 ist

994 2054 1045 2089 im
1075 2054 1108 2089 J.
1135 2058 1197 2099 20,
1233 2054 1332 2089 seine
1362 2053 1499 2090 beiden
1530 2053 1738 2090 Konsulate

997 2104 1039 2136 15
1065 2102 1141 2136 und
1167 2105 1211 2136 21
1237 2113 1272 2137 n.
1294 2100 1377 2136 Chr.

1041 2160 1104 2196 57.
1144 2163 1176 2195 1.
1207 2163 1472 2205 praeceperant
1508 2160 1643 2195 animis
1674 2162 1736 2196 ott.

994 2207 1029 2243 d.
1056 2207 1091 2243 h.
1122 2207 1175 2242 sie
1214 2207 1346 2241 hatten
1383 2205 1464 2241 sich
1501 2206 1738 2242 vorbereitet.

995 2253 1139 2289 Anders
1164 2252 1226 2289 bei
1249 2252 1327 2289 Liv.
1350 2257 1406 2295 38,
1426 2256 1472 2288 20
1496 2263 1571 2288 non
1595 2254 1737 2289 commi-

996 2311 1068 2336 nus
1105 2311 1271 2346 puqnam
1306 2300 1472 2344 futuram
1505 2303 1740 2346 praeceperat

997 2349 1120 2383 animo
1159 2359 1222 2392 „er
1257 2347 1363 2382 hatte
1400 2347 1620 2390 vermutet“,
1663 2348 1739 2383 und

997 2394 1036 2429 in
1061 2394 1255 2430 ahnlicher
1278 2393 1498 2438 Bedeutung
1529 2394 1645 2429 sehon
1674 2393 1738 2430 bei

999 2441 1125 2477 Cicero
1151 2441 1227 2476 und
1253 2440 1377 2476 Casar.

1045 2504 1077 2535 3.
1111 2500 1187 2535 nisi
1219 2499 1332 2544 quod,
1365 2509 1439 2534 von
1474 2499 1558 2534 dem
1588 2498 1739 2535 voi-auf-

998 2547 1193 2592 gehenden
1211 2546 1287 2581 nisi
1305 2548 1345 2581 ut
1369 2545 1602 2591 abfflngend,
1628 2546 1740 2600 zeugt

999 2605 1070 2629 von
1102 2593 1203 2628 einer
1227 2592 1549 2637 Nachlassigkeit,
1581 2592 1652 2629 wie
1685 2603 1738 2628 sle

997 2639 1148 2676 Tacitus
1174 2640 1309 2675 hochst
1333 2639 1452 2674 selten
1476 2639 1624 2686 begeht.

1043 2702 1075 2735 4.
1096 2691 1196 2733 Uber
1215 2697 1368 2734 Silanus
1388 2710 1415 2733 s.
1437 2710 1480 2733 zu
1499 2702 1533 2743 2,
1553 2701 1610 2733 59.
1628 2718 1676 2724 —
1694 2707 1740 2734 em

997 2746 1213 2781 contumelia
1223 2755 1331 2780 consu
1336 2746 1442 2780 latus.
1455 2745 1520 2780 Als
1529 2744 1739 2780 Schmeich-

996 2793 1051 2828 ler
1070 2792 1134 2827 des
1155 2791 1303 2827 Kaisers
1324 2791 1401 2826 will
1420 2803 1459 2828 er
1477 2792 1543 2827 das
1556 2791 1740 2828 Konsulat

996 2838 1249 2875 herabsetzen.
